2460 3884
500 354 628 414 LIBER
654 355 683 414 I.

141 499 220 537 nunc
240 476 315 537 mihi
334 499 449 540 summa
468 481 538 540 iicet
557 483 726 560 contingere
747 484 843 543 sidero
862 485 985 564 plantis:

181 579 244 638 siue
266 579 399 638 diessen
419 601 480 640 nox
501 581 624 655 uenerit,
645 583 697 642 illa
716 590 816 646 meost

141 697 195 735 nec
214 677 288 734 mihi
308 677 410 736 riualis
429 686 522 738 certos
542 681 679 739 subducit
698 701 823 742 amores:

180 773 239 831 iste
258 794 354 832 meam
373 777 453 833 norit
472 776 567 853 glorie
587 780 732 838 canitiem.

490 1125 689 1298 [Ε

339 1341 414 1405 The
443 1340 632 1426 prophecy
660 1341 840 1406 fulfilled.

147 1499 283 1558 Dicebam
304 1495 361 1556 tibi
381 1504 531 1572 uenturos,
554 1498 664 1572 irrisor,
685 1520 798 1560 umores

181 1615 235 1653 nec
255 1595 312 1652 tibi
330 1601 473 1671 perpetuo
492 1595 585 1653 libere
604 1595 695 1653 uerbo.
714 1596 800 1656 foret'

142 1712 206 1751 ecce
226 1693 303 1750 iaces
323 1692 506 1769 supplexque
525 1691 611 1750 uenis
630 1692 669 1750 ed
689 1692 755 1750 iure
774 1691 896 1770 puellae,

181 1797 213 1848 et
231 1790 289 1847 tibi
308 1810 387 1849 nunc
407 1788 512 1867 quouis
533 1789 660 1866 imperat
680 1795 779 1866 empta
799 1792 892 1849 modo.

142 1908 202 1944 non
222 1907 269 1944 me
290 1886 437 1944 Chaoniae
457 1885 580 1942 uincent
599 1885 632 1942 in
652 1905 751 1944 amore
770 1886 920 1944 columbae
1020 1903 1035 1961 5
1103 1947 1105 1951 ,

182 1985 277 2042 dicere
297 2003 370 2061 quos
390 1982 512 2040 iuuenes
532 2001 664 2058 quaeque
682 1982 781 2059 puelle
800 1982 906 2043 domet.

142 2101 189 2138 me
209 2081 291 2138 dolor
311 2087 341 2138 et
360 2080 496 2138 lacrimae
516 2079 622 2136 merito
641 2079 736 2136 fecere
755 2078 897 2155 peritum:

133 2167 135 2171 ’
182 2183 271 2254 atque
289 2178 405 2234 utinam
425 2176 520 2253 posito
541 2175 622 2234 dicer
641 2195 739 2234 amore
759 2176 857 2234 rudis!

142 2273 216 2349 quid
236 2273 292 2330 tibi
312 2293 392 2331 nunc
412 2272 518 2330 misero
538 2272 657 2349 prodest
676 2291 766 2350 graue
785 2271 881 2330 dicere
901 2273 1018 2332 ccrmen

182 2375 235 2425 eut
255 2368 454 2445 Amphioniae
474 2367 589 2426 moenia
608 2368 676 2425 flere
696 2366 798 2444 lyraet
1001 2387 1036 2426 10

142 2464 209 2539 plus
228 2465 261 2520 in
281 2482 379 2520 amore
399 2463 481 2519 uniet
500 2461 672 2520 Mimnermi
690 2481 793 2520 uersus
814 2461 963 2521 Homero:

182 2557 312 2613 carmine
332 2563 501 2614 mansuetus
520 2557 598 2614 lenio
618 2555 734 2631 quaerit
753 2556 856 2615 Amor.

142 2652 155 2707 i
174 2672 281 2727 quaeso
302 2659 332 2709 et
353 2653 452 2709 tristes
472 2652 544 2709 istos
565 2670 705 2726 compone
724 2651 846 2723 libellos,

183 2753 213 2804 et
233 2768 304 2804 cane
324 2748 402 2821 quod
422 2747 544 2822 queeuis
563 2766 648 2804 nosse
668 2745 767 2821 puello
785 2745 866 2802 uelit

143 2844 214 2919 quid
235 2843 261 2899 si
280 2861 341 2900 non
361 2850 437 2901 esset
456 2843 551 2901 facilis
571 2843 628 2900 tibi
647 2842 752 2919 cupiet
772 2861 852 2900 nunc
872 2848 907 2899 tu
1001 2860 1034 2918 15

183 2938 304 2994 insonus
324 2938 420 2994 medio
440 2928 697 3013 flumine'quoeris
717 2955 831 3013 aquam.
869 2952 871 2956 “

144 3032 268 3089 necdum
288 3032 376 3088 etiem
397 3033 489 3108 pelles
510 3052 580 3090 uero
599 3051 654 3089 nec
674 3031 803 3107 tangeris
822 3030 899 3107 igni:

182 3125 253 3181 haec
273 3130 318 3180 est
337 3125 457 3182 uenturi
477 3124 696 3233 primetfeuillo
714 3124 793 3184 meli.

146 3226 210 3277 tum
230 3220 322 3295 magis
341 3219 500 3277 Armenios
519 3239 617 3297 cupies
636 3219 771 3278 secedere
790 3218 881 3296 tigres

184 3325 215 3375 et
234 3317 327 3394 magis
347 3317 478 3375 infernae
498 3299 617 3375 uirioule
636 3336 721 3375 nosse
740 3322 847 3392 rotee,-
999 3338 1036 3376 20
