2460 3884
565 337 692 395 LIBER
724 336 753 398 V.
829 381 832 388 .
1065 335 1103 396 41

211 466 276 544 ipsa
293 468 398 544 loquor
417 486 470 544 pro
489 458 554 528 me:
578 467 604 525 si
623 467 700 539 fallo,
721 485 816 543 poena
834 482 966 523 sororum

250 561 356 623 infelix
375 584 492 624 umcros
512 570 615 642 urgeat
634 573 710 622 urna
729 583 816 623 meos

212 660 238 718 si
257 662 305 719 cui
323 662 402 719 sama
421 662 480 719 suit
499 681 551 738 per
571 663 653 720 auita
672 668 792 738 tropaea
810 659 915 732 decori,
960 716 963 724 Δ
984 706 993 722 ..

252 759 329 816 Afra
348 759 549 817 Numantinos
568 779 658 835 regna
677 759 838 834 loquontur
857 741 966 814 auosz't
993 769 1000 786 '
1068 774 1106 832 30

212 855 305 913 ultera
324 862 473 915 maternos
492 863 637 934 exaequat
656 857 744 913 turba
764 855 898 927 Libones,

252 959 283 1009 et
301 952 405 1009 domus
425 959 470 1010 est
489 952 586 1010 titulis
605 959 731 1028 utraque
752 951 828 1008 fulta
847 952 914 1008 suis

211 1067 289 1117 mox,
310 1048 362 1104 ubi
382 1048 442 1104 iam
461 1049 573 1105 facibus
593 1049 679 1105 cessit
699 1053 852 1123 praetexta
871 1045 994 1118 maritis,

251 1143 353 1200 uinxit
373 1148 404 1200 ct
423 1150 555 1218 acceptas
575 1144 669 1200 altera
689 1143 768 1200 uitta
788 1161 892 1212 comas,

211 1238 325 1313 iungor,
346 1239 458 1310 Paullo,
480 1245 532 1295 tuo
544 1226 594 1314 [sic
614 1222 906 1295 discessura'cubili:
1066 1251 1103 1311 35

251 1331 283 1386 in
304 1331 401 1407 lapide
421 1333 475 1389 hoo
495 1334 548 1389 uni
567 1339 662 1408 nupta
681 1333 771 1389 fuisse
790 1333 878 1408 leger.

211 1433 304 1484 testor
323 1429 466 1485 maiorum
487 1430 599 1485 cineres
619 1428 684 1500 tibi,
707 1428 812 1499 Roma,
833 1426 977 1497 colendos,
995 1463 1006 1492 ι

252 1524 307 1580 sub
327 1543 450 1598 quorum
471 1523 576 1596 titulis,
597 1523 709 1594 Africa,
731 1529 817 1580 tonsa
836 1521 920 1591 iaces,

211 1623 242 1675 et
262 1602 379 1674 Persem
400 1619 503 1694 proaui
523 1618 723 1676 stimulantem
744 1624 846 1694 pectus
866 1616 980 1674 Achilli
1039 1676 1051 1690 s,

252 1713 361 1788 quique
381 1719 498 1770 tumens
517 1731 627 1789 proauo
647 1713 736 1789 fregit
756 1712 875 1770 Achille
896 1712 1004 1784 domos,
1020 1688 1026 1745 l
1047 1730 1106 1783 ·40

212 1827 259 1864 me
279 1828 373 1884 neque
396 1828 534 1866 censurae
557 1809 649 1885 legem
673 1809 801 1866 mollisse
824 1827 878 1866 neo
899 1807 960 1864 ulla

253 1902 317 1961 labe
338 1923 404 1961 mea
426 1910 540 1962 uestros
562 1904 712 1962 crubuisse
733 1905 818 1962 focos

212 2020 272 2058 non
292 1999 352 2057 fuit
372 2000 489 2058 exuuiis
510 2001 602 2058 tantis
624 2000 758 2065 Cornelia
779 2000 938 2058 damnum:

252 2096 326 2172 quin
345 2103 375 2154 ct
395 2102 460 2154 crat
479 2116 601 2172 magnae
621 2115 689 2172 pars
708 2096 854 2154 imitanda
872 2096 983 2154 do'mus

212 2213 267 2250 nec
286 2213 352 2251 mea
370 2199 514 2250 mutatast
533 2199 622 2265 aetas,
643 2193 707 2250 siue
730 2192 852 2251 crimine
876 2198 986 2250 totast:
1067 2208 1103 2268 45

252 2290 383 2346 uiximus
402 2289 531 2364 insignes
550 2291 629 2346 inter
648 2297 805 2365 utramque
824 2290 925 2348 lacem.

214 2387 255 2444 mi
275 2395 383 2444 natura
402 2387 483 2444 dedit
503 2387 581 2462 leges
601 2406 619 2443 a
638 2388 779 2463 sanguine
799 2388 909 2459 ductus,

253 2502 291 2538 ne
312 2501 425 2555 possem
445 2481 548 2537 melior
568 2481 674 2537 iudicis
694 2500 756 2538 esse
776 2488 864 2538 metu.

214 2575 363 2648 quaelibet
383 2581 514 2646 austeras
534 2576 570 2630 dc
590 2594 636 2632 me
656 2575 732 2631 ferat
751 2593 827 2630 uma
847 2573 969 2631 tabellas
980 2592 990 2646 3

254 2671 368 2744 turpior
387 2671 504 2726 adsessu
523 2689 584 2727 non
604 2671 660 2727 erit
679 2670 741 2726 ulla
760 2689 833 2742 meo,
1069 2687 1107 2746 50

214 2768 317 2824 uoltu
338 2786 413 2841 quae
432 2766 546 2822 turdum
567 2766 688 2822 mouisti
706 2766 778 2823 fune
799 2747 943 2840 Cybeben,

256 2860 387 2930 Claudia,
409 2858 534 2915 turritae
555 2878 620 2914 rara
640 2858 776 2915 ministra
795 2858 873 2931 deae,

216 2954 262 3010 uel
284 2954 339 3025 cui,
362 2953 527 3010 commissos
547 2972 614 3009 cum
635 2953 729 3010 Vesta
748 2958 910 3028 reposceret
929 2952 1019 3028 ignes,

256 3047 391 3102 exhibuit
411 3047 496 3103 uiuos
516 3049 652 3104 carbasus
672 3048 739 3104 alba
757 3047 842 3104 focos

216 3161 269 3198 neo
289 3147 327 3214 ta,
348 3142 433 3198 dulce
453 3148 548 3217 csput,
570 3147 664 3198 mater
684 3142 842 3220 Scribonia,
864 3142 951 3200 laesi:
1070 3158 1105 3218 55

256 3236 288 3292 in
308 3255 355 3294 me
375 3242 522 3294 mutatum
543 3215 692 3312 quidlnisi
711 3229 885 3295 fata'uelisl
