2460 3884
572 348 702 409 LIBER
734 351 764 411 V.
1079 348 1117 408 37

223 486 335 538 costum
352 480 440 538 molle
458 479 527 537 date
544 485 575 536 et
594 478 697 536 blandi
715 477 790 536 mihi
811 477 887 535 turis
904 477 1037 548 honores,
1098 491 1116 553 5
1165 539 1168 545 ,

262 582 365 651 terque
385 576 481 632 focum
501 575 578 633 circa
596 576 703 632 laneus
722 573 802 632 orbis
820 577 875 632 eat.

224 671 352 746 spargite
369 690 416 727 me
434 670 572 746 lymphis,
595 689 771 745 carmenque
789 668 956 727 recentibus
972 666 1030 726 aris

264 769 337 826 tibia
357 768 529 844 Mygdoniis
550 768 624 825 libet
644 768 758 825 eburna
777 767 865 824 cadis.

223 861 266 919 ite
281 862 382 937 procul
401 847 539 932 fraudes3
560 862 619 919 alio
634 861 695 918 sint
714 880 780 918 aere
797 879 913 920 noxae:

263 977 337 1032 pura
356 977 465 1031 nouom
485 958 550 1014 uati
561 958 666 1033 laurea
682 956 779 1013 mollit
799 957 862 1039 iter.
1081 972 1116 1012 10

225 1054 322 1127 Musa,
341 1029 473 1111 Iialatini
492 1054 654 1111 referemus
671 1041 822 1128 Apollinis
839 1035 958 1109 aedem:

266 1170 312 1207 res
331 1157 385 1219 est,
408 1150 547 1225 Calliope,
568 1150 657 1224 digna
673 1150 774 1205 fauore
789 1153 850 1205 tuo.

225 1245 357 1302 Caesaris
379 1244 412 1300 in
430 1263 539 1300 nomen
558 1243 709 1301 ducuntur
726 1242 874 1299 carmina:
902 1241 1008 1299 Caesar

265 1338 336 1396 dnm
353 1339 477 1410 canitur,
495 1357 611 1413 quaeso,
633 1337 768 1412 Iuppiter
785 1337 847 1412 ipse
864 1355 955 1394 naees.

225 1439 271 1491 est
290 1434 404 1492 Phoebi
421 1434 537 1510 fugiens
554 1433 727 1490 Athamana
746 1433 783 1490 ad
800 1433 888 1490 litora
906 1435 1017 1508 portua,
1081 1447 1115 1508 15

264 1549 323 1605 qua
342 1531 423 1586 ainus
444 1528 547 1586 Ioniae
564 1548 716 1586 murmura
732 1529 832 1587 condit
846 1547 946 1603 aquae,

224 1626 314 1682 Actia
332 1625 432 1682 Iuleae
450 1624 569 1700 pelagus
589 1629 779 1682 monumenta
799 1624 923 1695 carinae,

264 1726 423 1777 nautarum
439 1720 518 1777 uotis
535 1739 596 1776 non
615 1738 736 1796 operosa
755 1721 813 1776 uia.

224 1816 281 1873 huo
298 1816 403 1873 mundi
421 1815 515 1874 coiere
533 1835 655 1887 manus5
678 1815 763 1872 stetit
780 1835 909 1913 aequorp
927 1815 1018 1873 moles

249 1913 358 1989 pinea,
379 1931 432 1970 nec
452 1913 540 1970 remis
560 1931 653 1988 aequa
671 1913 788 1970 fauebat
805 1913 895 1979 auia(
1080 1933 1117 1972 20

224 2008 317 2066 altera
333 2010 431 2068 elassis
448 2016 511 2067 erat
534 2011 645 2067 Teucro
666 2010 805 2068 damnata
822 2010 955 2086 Quirino,

264 2106 381 2183 pilaque
398 2106 543 2165 femineae
559 2107 688 2184 turpiter
705 2113 775 2184 apta
789 2127 899 2167 manu:

224 2202 293 2260 hinc
310 2203 449 2279 Augusta
464 2205 538 2261 ratis
557 2204 651 2281 plenis
670 2205 753 2263 Iouis
770 2205 868 2263 omine
888 2204 963 2263 uelis

263 2298 404 2374 signaque
425 2299 485 2357 iam
502 2300 616 2375 patriae
639 2301 757 2358 uincere
775 2301 861 2358 docte
878 2321 955 2361 suae.

224 2394 344 2450 tandem
364 2394 455 2451 aciem
475 2395 606 2469 geminos
622 2395 738 2453 Nereus
753 2396 872 2453 lunarat
889 2396 921 2453 in
940 2415 1034 2470 arcus,
1079 2412 1115 2473 25
1192 2460 1195 2465 ‚

264 2509 412 2546 armorum
432 2496 464 2546 et
482 2490 573 2547 radiis
593 2491 674 2564 picta
691 2492 837 2548 tremebat
855 2511 931 2566 aqua
941 2510 951 2563 3

225 2602 292 2638 eum
311 2584 448 2639 Phoebus
465 2584 603 2657 linquens
611 2571 747 2655 istantem
767 2603 798 2641 se
815 2584 933 2641 uindice
949 2561 1057 2647 Deloni

265 2677 345 2753 (nam
361 2678 433 2733 tulit
448 2678 539 2735 iratos
560 2669 676 2734 mobilis
692 2697 752 2734 una
769 2677 878 2756 Notos)

225 2771 322 2826 astitit
336 2770 468 2844 Augusti
486 2771 609 2846 puppim
625 2790 722 2846 super,
742 2778 773 2829 et
793 2791 872 2830 noua
888 2772 1008 2830 flamma

265 2864 344 2920 luxit
361 2866 392 2920 in
410 2865 559 2939 obliquam
579 2871 626 2922 ter
642 2866 761 2923 sinuata
779 2867 879 2927 facem.
1079 2888 1117 2944 30

226 2977 286 3015 non
301 2958 352 3014 ille
369 2959 510 3016 attulerat
528 2961 623 3018 crines
640 2960 673 3017 in
691 2961 766 3019 colla
782 2962 894 3020 solutos

266 3062 320 3112 aut
336 3056 521 3113 testudineae
540 3076 658 3114 carmen
678 3057 789 3114 inerme
809 3059 897 3132 lyrae,

225 3152 278 3210 sed
298 3153 378 3228 quali
397 3154 514 3229 aspexit
534 3152 694 3229 Pelopeum
711 3153 936 3228 Agamemnona
950 3152 1043 3226 uoltu,

267 3249 430 3324 egessitque
446 3247 540 3305 auidis
559 3248 667 3305 Dorica
681 3235 778 3306 eastra
794 3247 880 3324 rogia,
