2460 3884
141 301 179 367 14
482 307 700 369 PROPERTI

137 459 199 498 non
218 439 313 498 solum
334 445 438 497 taurus
456 440 528 496 ferit
546 441 633 498 uncis
652 440 790 499 cornibus
808 439 924 496 hostem
934 458 944 511 3

178 554 285 593 uerum
303 534 395 592 etiam
413 535 540 592 instanti
558 535 636 594 laesa
656 541 802 612 repugnat
821 536 892 592 onie.
997 553 1035 590 20

139 648 194 687 nec
213 630 270 687 tibi
290 628 409 706 periuro
428 629 561 688 scindam
580 631 617 688 de
636 650 757 708 corpore
775 637 882 702 uestes,

129 809 131 812 y
178 748 234 787 nec
253 748 320 786 mea
337 727 504 806 praeclusas
524 729 646 806 fregerit
664 730 711 786 ira
729 730 815 802 fores,

139 845 193 884 nec
211 827 270 885 tibi
288 847 415 891 conexos
433 827 528 886 iratus
547 848 667 906 carpere
686 829 782 886 crines

179 943 234 982 nec
252 925 335 982 dume
354 924 450 982 ausim
469 927 584 984 laedere
603 926 775 1003 pollicibus:

139 1021 267 1078 rusticus
286 1022 358 1080 haec
378 1023 485 1100 aliquis
505 1031 568 1080 tam
587 1024 688 1100 turpia
706 1023 817 1100 proelia
837 1027 967 1098 quaerat,
998 1037 1033 1096 25

179 1117 264 1174 cuius
283 1137 345 1175 non
364 1118 489 1177 hederae
509 1120 681 1178 circumiere
700 1113 795 1195 capric

140 1215 265 1274 scribam
285 1218 379 1292 igitur
397 1217 477 1294 quod
497 1237 557 1275 non
577 1236 719 1293 umquam
739 1223 792 1274 tua
809 1215 907 1274 deleat
926 1222 1015 1284 aetas,

182 1313 329 1391 ‘Cynthia
347 1315 443 1372 forma
462 1324 576 1392 potens,
598 1315 729 1392 Cynthia
747 1317 839 1373 uerba
859 1314 951 1372 leuis’

140 1411 225 1469 crede
244 1412 329 1485 mihi,
349 1413 486 1488 quamuis
506 1419 677 1471 contemnes
696 1431 849 1470 murmura
868 1413 971 1484 famae,

181 1510 229 1568 hic
248 1510 305 1568 tibi
324 1509 437 1588 pallori,
459 1511 598 1588 Cynthia,
619 1531 723 1570 uersus
743 1511 807 1572 erit
997 1528 1036 1585 30

521 1641 538 1690 4
553 1642 649 1706 aliquo.

323 2077 325 2082 ’
432 2065 509 2128 The
540 2065 644 2128 cruel
674 2065 749 2128 law.

142 2226 281 2283 Gauieast
301 2233 380 2284 certe
398 2228 546 2286 sublatam
566 2226 696 2303 Cynthia
715 2226 818 2301 legem,

180 2342 239 2400 qua
258 2324 406 2400 quondam
426 2325 522 2383 edicta
541 2325 645 2382 flemus
664 2330 789 2405 uterque
809 2322 870 2394 diu,

141 2422 173 2479 ni
193 2441 246 2480 nos
267 2422 420 2480 diuideret
463 2425 599 2499 quamuis
619 2423 757 2480 diducere
777 2426 911 2479 amantes

180 2537 241 2575 non
261 2523 350 2593 queat
369 2519 480 2576 inuitos
501 2519 640 2594 Iuppiter
658 2519 722 2595 ipse
742 2518 823 2576 duos

141 2620 174 2671 at
185 2633 310 2689 magnus
324 2614 438 2672 caesar.
479 2616 530 2672 sed
543 2634 668 2691 magnus
682 2614 788 2673 Caesar
801 2615 834 2671 in
847 2615 955 2673 armis:
1017 2632 1033 2691 5

181 2708 314 2766 deuictae
333 2716 435 2784 gentes
454 2710 499 2766 nil
518 2711 552 2767 in
571 2730 669 2768 amore
688 2711 798 2770 ualent

141 2827 210 2863 nam
230 2808 318 2864 citius
337 2791 453 2883 paterer
472 2815 562 2884 ceput
581 2810 636 2866 hoc
656 2809 802 2866 discedere
821 2809 905 2881 collo,

181 2924 270 2980 quam
290 2925 403 2981 possem
422 2914 534 2984 nuptae
554 2909 676 2984 perdere
695 2928 775 2965 more
795 2909 880 2980 faces,

141 3007 195 3067 aut
214 3021 267 3077 ego
288 3003 445 3061 transirem
461 3010 517 3062 tua
537 3004 641 3062 limina
660 3005 759 3061 clausa
778 3005 910 3077 maritus,

180 3098 338 3173 respiciens
357 3099 424 3156 udis
443 3101 561 3175 predita
580 3101 750 3158 luminibus.
1000 3120 1036 3158 ιο

141 3196 176 3250 a!
196 3200 347 3251 meatum
366 3195 462 3270 qualis
482 3202 599 3253 caneret
618 3197 683 3266 tibi,
705 3196 843 3274 Cynthia,
864 3215 980 3256 somnos

180 3290 262 3362 tibin,
284 3291 403 3348 funesta
422 3292 538 3349 tristior
556 3292 610 3350 illa
629 3293 709 3352 tuba
