2460 3884
101 331 137 387 16
440 333 658 395 PROPERPI

97 463 129 514 et
147 455 175 513 si
193 476 253 533 que
272 457 411 515 extremis
431 459 519 516 tellus
537 478 569 517 se
589 459 737 517 subtrahit
756 458 823 530 oris,

137 552 246 611 sentiet
264 553 317 610 ille
335 559 402 610 tues
422 554 575 629 postmodo
594 561 681 632 cepte
700 574 812 613 manus

97 649 170 710 h'aec
189 669 242 728 ego
262 656 359 710 castis
377 671 499 728 sequar:
520 658 603 710 uetes
622 659 675 711 tua
694 659 790 710 castra
809 651 939 710 canendo

137 765 261 823 magnus
280 765 348 805 ero:
368 755 487 806 seruent
505 748 586 806 bunc
604 749 680 807 mihi
698 750 760 807 sets
779 749 872 808 diem!
956 769 992 808 20

98 847 134 900 ut
153 849 242 918 ceput
254 843 295 900 ‘in
313 842 500 919 magnis-ubi
518 865 579 902 non
599 852 644 903 est
663 851 783 922 tangere
803 845 902 921 signis,

138 938 260 1014 ponitur
278 939 328 996 hic
347 939 423 998 imos
442 947 512 999 ente
532 961 639 999 corone
658 942 753 1019 pedes,

98 1033 140 1092 sic
156 1054 213 1093 mos
231 1055 319 1110 nunc,
340 1037 442 1114 inopes
461 1037 558 1096 laudis
577 1039 769 1097 conscendere
788 1057 913 1111 carmen,

137 1133 314 1209 pauperibus
333 1134 423 1192 sacris
442 1134 515 1192 uilis
534 1140 603 1192 ture
621 1136 733 1197 demus.
956 1153 994 1204 24

98 1229 232 1286 nondum
251 1229 342 1285 etiem
359 1229 503 1287 Ascraeos
522 1236 634 1288 norunt
654 1251 720 1288 mee
738 1232 869 1289 carmina
888 1233 992 1304 fontes,

138 1325 188 1382 scd
208 1324 295 1381 modo
315 1323 461 1382 Permessi
480 1325 602 1382 flumine
622 1326 698 1383 lauit
716 1326 819 1386 Amor.

473 1453 506 1503 25
521 1457 619 1504 etenim.

347 1830 424 1894 The
453 1830 576 1893 Poet's
603 1828 738 1892 threat

98 1983 235 2041 Scribant
255 1982 341 2040 dete
361 1981 413 2038 elii
432 1980 480 2059 uel
501 1982 541 2038 sis
560 1982 662 2057 ignote
681 1983 794 2041 licebit:

138 2078 239 2137 laudet
258 2078 310 2155 qui
330 2076 424 2135 sterili
444 2077 556 2135 semina
575 2079 660 2153 ponit
679 2078 777 2136 humo.

97 2175 204 2249 omnia,
225 2175 309 2233 crede
329 2173 411 2247 mibi,
433 2179 532 2231 tecum
552 2193 612 2231 uno
631 2194 754 2232 munera
773 2174 849 2232 lecto

136 2273 394 2333 auferetextremi
413 2271 526 2330 funeris
545 2278 610 2330 atra
630 2273 712 2332 dies:

97 2380 127 2431 et
146 2379 199 2430 tue
218 2369 356 2428 transibit
376 2376 565 2427 contemnens
584 2389 648 2428 osse
667 2370 773 2444 uiator,
974 2390 989 2447 5

136 2487 189 2526 nec
209 2467 288 2524 dicet
308 2465 402 2523 ‘cinis
421 2466 470 2524 hic
490 2466 576 2523 docte
595 2466 693 2543 puelle
713 2467 787 2525 suit!

352 2869 428 2933 The
461 2867 540 2931 God
569 2866 609 2928 of
634 2863 740 2929 Leve.
804 2863 808 2874 '

96 3014 278 3089 Quicumque
299 3011 349 3068 ille
370 3010 430 3068 fuit
449 3027 574 3086 puerum
595 3007 647 3083 qui
666 3006 766 3082 pinxit
784 3005 935 3080 Amorem,

133 3127 231 3164 nonne
251 3114 339 3183 putes
358 3107 449 3162 miras
467 3105 548 3162 hunc
567 3101 703 3158 habuisse
723 3103 848 3160 menusi

93 3201 140 3257 bic
161 3201 290 3277 primum
309 3199 388 3255 uidit
408 3199 471 3255 sine
491 3215 577 3254 sensu
596 3195 699 3251 uiuere
719 3202 851 3251 amentes

132 3301 163 3352 et
182 3295 299 3351 leuibus
318 3293 398 3350 curis
416 3311 524 3368 magna·
544 3289 640 3367 perire
660 3289 743 3347 bone
