2460 3884
596 375 727 436 LIBER
752 376 780 435 I.

240 532 301 595 nou
320 530 373 588 ego
393 516 458 568 tum
478 512 580 586 potero
600 507 708 566 salacia
726 507 803 566 ferra
821 506 947 584 roganti,

279 629 345 668 cum
366 608 441 665 mihi
459 607 543 664 nulla
562 605 621 662 mci
640 605 681 663 ait
700 603 845 663 medicina
863 603 943 679 mali,

238 706 290 765 aad
309 706 421 784 pariter
440 703 540 762 miseri
559 702 637 761 socio
657 721 792 779 cogemur
811 719 909 759 amore

278 803 354 862 alter
372 803 405 860 in
426 801 549 859 alterius
568 799 763 872 mutuaflera
783 797 859 856 sinu.
1097 816 1134 874 3³
1217 813 1219 817 ⁴

238 919 328 976 quare
348 899 420 975 quid
440 897 534 974 possit
552 916 618 954 mea
639 894 769 971 Cynthia
788 895 896 967 desine,
919 893 1013 965 Galle,

279 1012 434 1069 quaerere:
454 1011 515 1049 non
535 991 646 1068 inpune
666 990 720 1048 illa
738 995 841 1067 rogata
859 988 951 1047 uenit.

501 1565 698 1663 Cynthia’s
726 1588 873 1653 voyage.

238 1730 321 1786 Tune
340 1727 434 1805 igitur
452 1727 580 1803 demens,
601 1746 656 1786 nec
676 1732 708 1788 te
727 1747 793 1786 mea
812 1747 882 1788 cura
901 1731 1054 1788 moraturl

278 1843 317 1881 an
337 1824 395 1881 tibi
414 1843 480 1882 aum
499 1823 596 1899 gelida
615 1823 705 1882 uilior
724 1823 850 1901 Illyrial

238 1925 269 1976 et
290 1920 346 1977 tibi
364 1919 424 1978 iam
444 1919 524 1976 tanti
544 1919 751 1996 quicumquaat
769 1921 826 1980 iata
845 1920 972 1996 uidetur,

279 2021 315 2072 ut
334 2015 399 2073 aina
419 2033 466 2073 me
486 2021 577 2073 uento
597 2016 730 2092 quolibet
749 2017 793 2075 ire
812 2017 909 2076 uclial

238 2117 310 2169 tunc
330 2111 432 2169 audire
451 2118 533 2189 potes
552 2115 654 2171 uesani
673 2133 825 2172 murmura
844 2116 929 2192 ponti
1116 2131 1132 2191 5
1193 2127 1202 2133 ”

279 2209 363 2266 fortia
383 2209 466 2266 etin
486 2210 561 2267 dura
580 2229 656 2268 naue
676 2209 770 2269 iacere
789 2214 890 2288 potasl

189 2321 193 2336 ·
238 2311 273 2363 tu
293 2306 416 2381 pedibus
435 2307 545 2364 teneris
564 2309 675 2382 positas
694 2307 797 2367 fulcire
817 2309 947 2385 pruinas,

278 2408 313 2458 tu
332 2407 414 2477 potes
433 2401 577 2473 insolitas,
599 2403 739 2478 Cynthia,
761 2404 837 2461 ferre
856 2403 960 2462 niuesl

238 2518 255 2553 ο
276 2496 391 2554 utinam
410 2498 550 2555 hibernae
569 2498 759 2575 duplicentur
777 2505 910 2576 tempora
929 2500 1057 2572 brumae,

278 2595 310 2646 et
329 2589 370 2646 sit
388 2590 469 2647 incra
490 2591 583 2648 tardis
602 2593 706 2648 nauita
725 2592 885 2669 Vergiliie5
1097 2613 1132 2651 ιο

238 2706 292 2742 nec
311 2685 368 2742 tibi
386 2685 539 2760 Tyrrhena
559 2687 693 2744 uoluatur
711 2687 792 2745 sunia
811 2687 930 2758 harena,
966 2764 969 2769 ἢ

278 2801 354 2839 neue
372 2781 493 2839 inimica
512 2801 593 2840 meaa
612 2782 710 2841 eleuet
729 2802 803 2841 aura
822 2802 928 2860 preces,

239 2884 269 2935 et
288 2896 336 2935 me
355 2877 485 2935 defixum
505 2897 600 2936 uacua
619 2878 753 2955 patiatur
771 2878 805 2937 in
824 2898 876 2937 ora
1071 2878 1134 2959 (15)

278 2973 426 3031 crudelem
445 2962 554 3031 infesta
573 2993 659 3050 saepe
679 2994 783 3033 uocare
803 2993 901 3033 manu.
1071 2975 1134 3053 (16)

239 3072 327 3144 atquc
347 3087 400 3143 ego
420 3067 618 3130 non.uideam
637 3067 713 3125 tales
732 3066 883 3126 subsidere
903 3072 1016 3136 uentos,
1068 3067 1133 3145 (13)

279 3180 346 3217 cum
365 3161 422 3218 tibi
441 3163 595 3237 prouectas
614 3162 728 3219 auferet
747 3162 828 3220 unda
847 3167 944 3235 ratea3
1070 3164 1133 3242 (14)

239 3254 289 3313 aed
309 3274 493 3331 quocumque
512 3255 599 3314 modo
619 3255 656 3313 ‹le
676 3275 731 3331 me,
753 3256 879 3333 periura,
900 3255 1030 3330 mereris,
1099 3275 1134 3332 17

279 3351 320 3408 ait
340 3351 464 3409 Galatea
483 3357 554 3410 tuae
573 3371 634 3410 non
653 3353 751 3412 aliena
769 3353 845 3425 uiae,
