2460 3884
146 324 192 411 10'
480 353 699 415 wproluar]

42 510 45 519 ·
143 489 176 542 at
195 477 252 541 tibi
266 503 357 561 saepe
376 503 454 542 nouo
474 485 585 542 deduxi
604 485 734 544 earmina
753 505 850 560 uersu,

183 580 338 658 osculaque
357 581 498 658 inpressis
518 581 591 639 nixa
610 583 679 640 dedi
697 583 843 658 gradibus.

143 681 212 736 ante
231 682 299 735 tuos
318 680 454 754 quotiens
473 679 553 736 uerti
572 699 628 752 me,
649 681 767 756 perfida,
788 687 893 758 postas,

102 805 104 810 ·
183 773 340 850 debitaque
360 775 481 832 occultis
500 780 572 832 uota
590 776 650 833 tuli
669 777 832 835 manibus1¹

114 941 116 948 Ι
142 868 214 926 haee
233 869 283 926 ille
303 874 335 927 et
352 870 380 926 si
400 888 476 945 quae
495 871 595 927 miseri
612 874 737 930 nouistis
756 878 896 947 amantes,
1000 893 1035 950 45

182 972 214 1025 et
233 966 389 1024 matutinis
408 966 554 1043 obstrepit
573 967 702 1027 alitibus.

142 1061 185 1120 sia
204 1080 258 1138 ego
276 1081 357 1120 nuno
376 1062 512 1120 dominae
531 1063 615 1121 uitiis
635 1070 666 1121 et
685 1083 800 1142 semper
819 1066 945 1124 amantis
1013 1081 1015 1085 '

183 1158 301 1216 fletibus
320 1165 440 1217 aeterua
459 1159 577 1216 differor
596 1159 718 1220 inuidia

274 1283 304 1330 18
320 1283 587 1346 prauibm...querelia
769 1284 800 1331 38
818 1285 902 1332 tecta!

537 1544 563 1609 I.
607 1567 651 1608 xx

388 1701 515 1786 Hylas.
560 1703 592 1767 A
613 1704 786 1789 warning.

142 1854 209 1911 Hoc
230 1873 283 1930 pro
303 1855 443 1912 contiuuo
464 1860 503 1927 te,
526 1855 618 1924 Galle,
638 1875 792 1914 monemus
812 1875 926 1916 amore:

181 1951 212 2006 id
233 1942 289 2006 tibi
308 1970 347 2008 ne
367 1969 460 2007 uacuo
480 1949 589 2008 defluat
608 1969 646 2007 ex
667 1951 772 2023 anim0,

143 2052 240 2123 ‘saepe
258 2046 431 2122 inprudenti
450 2046 570 2104 fortuna
590 2048 717 2104 occurrit
736 2047 866 2104 amanti'

180 2142 306 2207 crudelis
327 2141 442 2199 Minuis
462 2142 573 2199 dixerit
591 2143 742 2201 Ascanius

140 2241 260 2297 esttibi
280 2241 589 2317 noninfraspeciem,
611 2261 672 2298 non
691 2241 811 2298 nornine
831 2241 931 2318 dispar
1017 2260 1031 2317 5

180 2337 409 2395 Thiodamanteo
429 2339 579 2414 proximus
600 2339 687 2395 ardor
706 2339 814 2415 Hylae.

139 2435 209 2492 huia
228 2442 272 2508 tu,
293 2436 357 2494 siue
376 2435 454 2511 leges
473 2437 628 2492 umbrosae
648 2436 771 2493 flumina
792 2436 877 2507 Silae,

180 2531 242 2587 siue
263 2532 382 2588 Aniena
401 2538 469 2588 tuos
489 2531 615 2588 tinxerit
635 2532 715 2588 unda
735 2532 828 2606 pedes,

139 2626 202 2682 siue
222 2626 367 2700 Gigantea
387 2627 550 2701 spatiabere
570 2627 667 2682 litoris
688 2646 752 2703 οη,-

158 2721 241 2794 *siue
261 2722 436 2796 ubicumque
456 2740 532 2796 uago
551 2720 683 2776 fluminis
703 2720 839 2796 hospitio,
997 2741 1032 2777 10

138 2815 346 2890 Nympharum
367 2834 481 2890 semper
501 2815 620 2890 cupidas
640 2815 763 2871 defends
783 2814 917 2888 rapinas:

178 2928 238 2965 non
258 2909 355 2965 minor
374 2909 516 2965 Ausoniis
536 2914 581 2965 est
600 2927 683 2965 amor
701 2908 871 2984 Adryasin:

137 3023 174 3060 ne
195 3004 252 3060 tibi
272 3004 615 3062 sit-durum—montes
635 3011 665 3062 et
685 3004 790 3080 frigida
811 3025 889 3076 saxa,

178 3100 271 3170 Galle,
293 3119 389 3176 neque
409 3107 545 3178 expertos
565 3120 679 3176 semper
699 3102 780 3159 adire
800 3102 898 3176 lacus3

138 3215 212 3274 quae
231 3196 320 3252 miser
338 3195 448 3272 ignotis
469 3216 550 3255 error
570 3215 722 3273 perpessus
742 3197 775 3253 in
795 3198 854 3255 oris
995 3217 1027 3275 15

178 3290 317 3349 Herculis
337 3291 481 3350 indomito
501 3292 623 3350 fleuerat
642 3292 778 3351 Ascanio.
