2460 3884
137 337 154 394 2
479 334 696 395 PROPERTI
731 407 738 419 .

136 472 169 522 ut
189 485 250 538 uos,
273 464 414 523 deductae
434 466 542 542 quibus
561 473 607 523 est
626 466 742 524 fullueiu
761 467 850 524 lunue

176 566 207 618 et
227 561 310 618 labor
328 560 362 617 in
381 560 502 636 magieis
521 580 604 618 sacru
622 560 705 637 piere
724 560 805 633 focis,
995 583 1032 621 20

137 676 174 713 en
194 656 320 732 agedum
340 656 476 713 dominae
496 663 626 714 mentem
646 659 811 716 conuertite
830 664 949 716 nestrae

176 759 208 810 et
227 752 317 811 facite
335 753 388 810 illu
406 773 472 811 meo
492 754 601 830 pulleat
621 773 671 812 ore
691 753 792 830 magis.

137 855 209 906 tune
229 867 282 924 ego
302 849 476 906 crediderim
496 851 581 908 uobis
601 857 632 908 et
652 851 748 908 sideru
768 857 800 908 et
818 871 920 909 amnes

177 965 262 1022 posse
282 945 435 1022 Cytinaeis
454 947 560 1006 ducere
580 948 767 1014 carminibus.

138 1049 169 1099 et
189 1061 242 1099 uos
262 1042 314 1117 qui
334 1061 398 1099 sero
418 1042 534 1117 lapsum
554 1043 706 1116 reuocatis,
730 1043 826 1114 amici,
996 1052 1010 1099 '2
1016 1060 1030 1118 5

178 1139 311 1215 quaerite
330 1159 391 1197 non
411 1140 476 1197 suni
496 1142 622 1216 pectoris
641 1141 761 1199 auxilia.
947 1148 949 1150 ’

138 1233 257 1290 fortiter
276 1240 307 1290 et
326 1232 439 1290 ferrum
459 1253 563 1292 saeuos
582 1235 730 1311 patiemur
749 1241 780 1290 et
799 1233 890 1309 ignes,

177 1330 218 1387 sit
237 1329 325 1387 modo
344 1329 465 1387 libertae
485 1350 560 1407 quae
580 1330 655 1388 uelit
674 1331 720 1387 ire
739 1330 828 1407 loqui.

127 1419 214 1481 'ferte
234 1443 287 1500 per
307 1429 454 1483 extremus
473 1432 576 1500 gentes
596 1432 627 1482 et
646 1425 722 1483 ferte
742 1445 796 1501 per
816 1425 918 1498 undas,

178 1513 237 1599 qua
256 1541 318 1579 nou
337 1521 399 1578 ulla
417 1539 517 1577 meum
537 1519 649 1577 femine
668 1521 750 1577 norit
769 1522 834 1578 iter.
994 1539 1032 1594 30

138 1638 192 1677 uos
212 1622 362 1676 remanete
381 1618 489 1693 quibus
508 1617 590 1674 facili
609 1618 683 1675 deus
702 1617 809 1675 adnuit
828 1636 908 1689 aure,

178 1715 295 1781 sitie.‚et
313 1714 346 1771 in
366 1718 433 1770 tuto
453 1732 568 1790 semper
586 1733 685 1772 umore
706 1733 798 1790 pares.

138 1813 171 1869 in
190 1830 238 1869 me
257 1816 360 1868 nostru
378 1810 484 1868 Venus
503 1830 590 1870 uoeee
610 1818 726 1869 exercet
745 1830 867 1884 emarus,

178 1915 209 1966 et
228 1908 312 1964 nullo
331 1926 444 1965 naeuus
463 1913 596 1985 tempore
616 1908 688 1965 defit
707 1927 797 1967 amor.

138 2004 200 2076 hoe,
215 2021 327 2076 moneo,
343 2003 439 2061 uitute
452 2004 582 2064 mulum:
603 2023 657 2060 sue
670 2021 815 2080 quemque
827 2006 960 2059 moretur
994 2021 1030 2079 35

177 2117 256 2174 curu,
278 2117 374 2176 neque
394 2098 517 2157 adsueto
536 2104 635 2156 mutet
653 2118 753 2156 amore
772 2099 877 2157 locum.

138 2194 216 2272 quod
236 2195 263 2254 ui
283 2195 350 2273 quis
368 2195 490 2253 monitis
510 2195 611 2253 turdus
631 2195 795 2253 aduerterit
814 2214 908 2269 aures»,

178 2291 253 2352 heu!
273 2291 383 2350 referet
402 2297 514 2368 quante
534 2293 626 2350 uerba
649 2292 749 2350 dolore
768 2311 840 2350 meu.

517 2440 549 2487 33
565 2444 654 2490 noctes.

547 2722 596 2785 Ι..
619 2721 643 2784 ii

341 2844 344 2850 ⁴
381 2873 526 2957 Beuuty
558 2870 786 2937 unadorned.

102 3024 104 3028 ’
140 3025 220 3095 Quid
239 3024 326 3081 iuuet
345 3021 451 3080 ornate
470 3022 634 3098 procedere,
655 3022 727 3094 uite,
749 3021 853 3097 capillo

179 3128 209 3180 et
229 3126 334 3178 tenues
355 3120 416 3177 Oea
436 3125 519 3175 ueste
538 3137 657 3176 mouere
677 3118 777 3175 sinus‘t

71 3283 72 3287 ,
140 3226 192 3278 aut
211 3217 283 3295 quid
304 3215 436 3276 Ororitee
455 3217 551 3274 crines
570 3214 746 3293 perfundere
765 3233 867 3271 murra

180 3323 266 3392 teque
285 3313 447 3391 peregrinis
467 3313 595 3371 uendere
614 3311 793 3385 muneribus,
