2460 3884
138 354 175 412 42
479 355 693 416 PROPERTI

137 482 277 540 maternis
296 484 400 540 laudor
417 484 546 542 lacrimis
565 485 705 558 urbisque
724 484 859 559 querelis,

177 576 295 634 defensa
314 585 345 634 et
363 580 475 652 gemitu
496 578 628 635 Caesaris
648 598 712 636 ossa
731 598 802 636 mea

139 671 190 729 ille
209 691 263 729 sua
282 681 353 730 nata
373 675 492 748 dignam
512 675 623 731 uixisse
642 693 770 731 sororem

178 767 317 842 increpat,
339 774 370 825 et
389 770 524 826 lacrimas
544 770 674 826 uidimus
693 769 737 826 ire
757 770 817 826 deo.
995 774 1033 829 60

142 869 174 919 et
194 869 293 921 tamen
313 866 424 922 emerui
443 851 709 941 generososuestis
729 866 860 938 honores,

181 978 235 1016 nee
255 979 320 1016 nasa
339 960 376 1016 de
395 961 488 1017 sterili
508 963 586 1018 sacta
605 962 708 1037 rapina
727 962 819 1019 domo.

143 1057 185 1124 tu,
208 1051 325 1126 Lepide,
347 1057 378 1108 et
397 1059 440 1124 tn,
463 1053 574 1124 Paulle,
595 1073 695 1110 meum
714 1061 781 1129 post
799 1053 863 1112 fata
882 1052 1024 1125 leuamen,

181 1148 299 1205 condita
318 1155 388 1205 sunt
407 1155 506 1206 uestro
526 1149 640 1206 lumina
660 1157 760 1206 nostra
778 1149 853 1208 sinu.

142 1246 272 1303 uidimus
291 1253 322 1303 et
341 1249 463 1302 fratrem
483 1245 584 1302 sellam
602 1246 765 1320 geminasse
785 1246 915 1302 curulem
926 1266 936 1318 ς
997 1249 1034 1321 65

182 1343 299 1400 consule
319 1361 377 1418 quo
397 1342 474 1399 laeto
495 1348 624 1418 tempore
644 1349 729 1417 rapta
748 1361 835 1400 soror.

141 1441 209 1512 filia,
232 1446 267 1497 tu
286 1441 432 1516 specimen
452 1458 591 1496 censurae
610 1447 682 1495 nata
701 1445 848 1515 paternae,

181 1539 227 1595 faa
245 1542 345 1594 teneas
364 1555 457 1592 nuum
477 1555 531 1593 nos
549 1535 667 1592 imitata
685 1536 792 1593 uirum.

142 1641 173 1694 ei
193 1634 268 1693 seris
286 1634 388 1692 fulcite
407 1653 518 1709 genus:
546 1633 618 1690 mihi
639 1635 744 1691 cumba
762 1633 877 1690 nolenti

84 1723 105 1814 Ξ
182 1732 308 1790 soluitur
327 1730 458 1788 aucturis
478 1735 524 1787 tot
543 1749 609 1787 mea
628 1731 706 1788 facta
725 1729 804 1786 meis
999 1747 1036 1804 70

142 1829 212 1887 haee
231 1837 277 1887 est
296 1829 415 1886 feminei
435 1847 544 1885 merces
565 1835 696 1886 extrema
715 1827 866 1903 triumphi,
1067 1807 1073 1820 ’

182 1926 284 1983 lau'dai
304 1925 357 1981 ubi
377 1925 532 1981 emeritum
551 1924 645 1980 libera
664 1924 742 1981 fama
761 1943 871 1998 rogum.

143 2039 222 2076 nunc
242 2020 298 2076 tibi
319 2019 489 2076 eommendo
509 2019 676 2075 communia
695 2018 816 2094 pignera
835 2024 936 2075 naias:

183 2115 254 2174 haec
275 2136 345 2173 eura
364 2122 395 2172 et
416 2116 507 2171 cineri
527 2116 620 2190 spirat
640 2114 740 2170 inusta
760 2133 832 2171 meo.

143 2213 264 2288 fungere
284 2212 426 2268 maternis
446 2211 567 2282 uicibus,
589 2216 689 2286 pater:
714 2210 766 2266 illa
786 2229 916 2266 meorum
999 2227 1034 2286 75

185 2310 280 2366 omnis
300 2310 357 2365 erit
377 2308 451 2364 collo
471 2310 560 2364 turba
580 2307 700 2364 ferenda
721 2315 780 2365 tuo.
794 2328 832 2384 Ay?

144 2407 241 2463 oscula
260 2426 328 2462 cnm
349 2406 461 2462 dederis
482 2412 535 2460 tua
554 2405 699 2475 flentibus,
722 2399 803 2460 adice
822 2404 943 2462 matris:

183 2503 247 2552 tota
267 2497 370 2551 domus
390 2495 485 2570 coepit
504 2514 583 2550 nunc
604 2513 677 2550 onus
698 2514 758 2550 essa
779 2503 872 2550 tuum.

144 2597 175 2646 at
194 2590 219 2646 si
240 2590 310 2664 quid
331 2590 476 2645 doliturus
496 2590 560 2658 eris,
583 2589 646 2644 sina
666 2589 790 2644 testibus
811 2590 888 2646 illis:

184 2703 251 2740 cum
270 2685 399 2756 uenient,
421 2684 504 2740 siccis
524 2685 621 2740 osenla
641 2685 710 2740 falle
729 2685 819 2758 genis.
999 2690 1037 2746 80

144 2787 191 2837 sat·
211 2779 267 2836 tibi
286 2779 347 2836 sint
367 2789 466 2837 noctes
485 2799 558 2855 quas
578 2781 614 2836 de
635 2799 689 2851 me,
712 2781 823 2850 Paullo,
844 2782 957 2857 fatiges,

185 2875 354 2951 somniaque
373 2876 405 2931 in
425 2876 528 2932 faciem
549 2876 664 2932 reddita
684 2894 769 2950 saepe
789 2895 901 2933 meam:

145 2978 241 3052 atque
254 2971 434 3040 ubiiseereto
454 2978 555 3028 nostra
575 2972 612 3028 ad
632 2972 787 3029 simulacra
807 2973 941 3049 loqueris,

76 3048 89 3114 i
115 3110 119 3170 f
185 3050 439 3142 ut‘iespunsuriis¹
451 3068 567 3144 singula
584 3069 675 3124 uerba
694 3070 762 3126 iace.

146 3183 198 3223 seu
216 3169 316 3220 tamen
334 3164 489 3221 aduersum
506 3165 632 3221 mutarit
648 3165 737 3222 ianua
754 3166 871 3239 lectum,
1002 3171 1037 3244 85

185 3259 294 3318 sederit
312 3266 345 3317 et
364 3266 464 3318 nostro
484 3267 571 3317 cauta
588 3279 714 3317 nouerca
732 3267 805 3334 toro,
