2460 3884
497 357 627 417 LIBER
653 358 680 416 I.

141 507 195 546 noc
215 492 315 546 tamen
334 485 387 543 illa
407 504 476 543 suae
496 489 652 543 reuocetur
670 503 789 561 parcere
809 473 911 557 lamae,
944 477 950 488 “

181 565 297 660 turpior
315 587 347 646 et
366 581 454 640 saecli
474 581 576 640 uiuere
595 581 721 640 luxuria

141 683 194 743 has
213 683 293 742 inter
312 682 432 759 grauius
452 681 663 763 cogordeflere
683 680 828 761 querelas,v
886 693 888 697 ’

182 779 321 858 supplicis
341 799 359 836 a
378 779 474 856 longis
493 767 609 838 tristior
628 782 766 840 excubiis.

142 879 193 938 ille
212 898 291 937 meos
309 897 471 955 numquam
490 877 604 954 patitur
624 880 803 957 requiescere
823 886 928 957 postes,

181 983 287 1054 arguta
305 977 434 1034 referens
454 977 585 1058 carmina
605 979 762 1040 blanditia:

144 1075 248 1131 ‘ianua
267 1074 316 1131 uel
336 1074 455 1131 domina
474 1075 593 1150 penitus
612 1075 758 1133 crudelior
777 1075 848 1150 ipsa,

181 1169 253 1245 quid
272 1170 347 1226 mihi
366 1175 428 1225 tam
448 1169 530 1226 duria
550 1169 649 1227 clausa
668 1176 747 1228 taces
766 1171 896 1227 foribusl

141 1283 194 1320 cur
213 1283 375 1339 numquam
395 1269 523 1320 reserata
542 1283 622 1321 meos
642 1264 776 1321 admittis
796 1283 916 1335 amores,

181 1359 279 1417 nescia
300 1360 427 1416 furtiuas
447 1359 569 1417 reddere
589 1366 669 1418 mota
689 1361 808 1436 precesl
860 1349 868 1362 ’

141 1456 261 1514 nullane
280 1457 348 1515 finis
369 1457 425 1515 erit
445 1463 546 1515 nostro
566 1477 700 1517 concessa
720 1458 821 1531 dolori,

181 1552 276 1609 tristis
296 1552 378 1610 etin
399 1553 497 1629 tepido
517 1553 620 1611 limine
639 1572 759 1612 somnus
779 1553 852 1611 eritl

142 1669 189 1708 me
209 1651 320 1708 mediae
340 1657 448 1723 noctes,
470 1671 517 1708 me
537 1651 633 1710 sidera
652 1671 744 1729 prona
763 1651 916 1724 iacentem,

182 1747 345 1824 frigidaque
365 1748 428 1806 Eoo
448 1768 495 1821 me
515 1749 595 1808 dolet
613 1769 688 1833 aura
707 1735 789 1827 gelu:
882 1765 883 1768 ’

141 1827 258 1902 ιιιίοΙι
277 1844 420 1902 humanos
440 1864 601 1921 numquam
620 1845 759 1905 miserata
778 1846 891 1907 dolores
1001 1864 1003 1868 '

182 1940 338 2016 respondes
358 1940 456 1998 tacitis
476 1924 581 1998 mutila
600 1941 775 2004 cardinibus.

142 2056 160 2094 o
181 2035 295 2094 utinam
316 2035 439 2094 traiecta
458 2055 530 2094 caua
550 2057 616 2095 mea
635 2039 740 2097 uocule
759 2039 835 2098 rima

182 2152 332 2210 percussas
352 2133 486 2191 dominae
506 2140 606 2192 uertat
624 2133 657 2192 in
676 2134 841 2196 auriculasl

142 2232 183 2288 sit
202 2231 272 2289 licet
291 2238 322 2290 et
341 2251 413 2290 saxo
432 2232 594 2309 patientior
612 2234 664 2292 illa
684 2234 797 2308 Sicano,

183 2329 224 2387 sit
242 2330 312 2386 lieet
332 2335 363 2387 et
382 2330 460 2387 ferro
480 2331 581 2389 durior
601 2336 632 2389 et
651 2331 781 2409 chalybe,

143 2445 203 2482 nou
223 2431 324 2482 tamen
343 2424 396 2482 illa
415 2445 483 2482 suos
504 2427 613 2501 poterit
632 2446 813 2503 compescere
833 2429 946 2505 ocellos,

183 2526 284 2595 surget
303 2526 334 2576 et
353 2519 458 2578 inuitis
478 2522 601 2595 spiritua
620 2521 654 2579 in
673 2522 810 2583 lacrimis.
853 2592 856 2600 .

143 2634 222 2672 nunc
242 2615 319 2671 iacet
337 2614 459 2672 alterius
479 2616 558 2674 felici
577 2617 650 2674 nixa
668 2618 792 2676 lacerto:

184 2716 217 2766 at
235 2729 301 2766 mea
321 2699 464 2767 nocturno
485 2712 576 2768 uerba
595 2712 705 2769 cadunt
725 2713 868 2790 Zephyro.

144 2807 196 2865 sed
216 2812 251 2863 ιιι
272 2807 334 2862 sola
353 2807 420 2878 mei,
441 2813 476 2864 tu
496 2807 626 2865 maxima
646 2827 733 2866 causa
752 2810 868 2884 doloris,

185 2903 266 2960 uicta
284 2903 358 2960 meis
377 2922 547 2980 numquam,
568 2891 665 2978 ianua,
687 2905 864 2964 muneribus

147 3009 177 3058 tc
196 3020 257 3057 non
277 3001 339 3058 ulla
357 3020 439 3058 meae
458 3001 545 3058 laesit
564 3002 729 3078 petulantia
748 3003 875 3078 linguae,

187 3117 262 3173 quae
281 3097 356 3154 solet
375 3098 452 3154 irato
472 3098 568 3155 dicere
588 3099 704 3156 turba
695 3119 767 3172 roeo,

148 3200 183 3251 ut
202 3213 249 3250 me
268 3200 331 3251 tam
350 3194 438 3269 longa
456 3213 578 3252 raucum
598 3196 711 3270 patiare
732 3188 849 3272 querela
933 3200 935 3204 ⁴

188 3287 327 3345 sollicites
347 3289 437 3346 triuio
457 3289 633 3366 peruigilare
652 3309 756 3350 moras.
