2460 3884
573 365 703 425 LIBER
724 365 780 428 JV.
1086 364 1122 424 27

231 492 281 550 sed
300 493 385 570 thyio
404 493 535 552 thalamo
555 502 609 554 aut
629 494 729 553 Oricia
748 493 916 554 terebintho
1023 532 1040 565 0

270 592 406 650 effultum
426 592 528 670 pluma
547 593 722 652 uersicolcre
741 597 838 670 caput.
1086 608 1122 668 50

230 688 299 745 huic
318 688 426 747 fluctus
445 688 517 747 uiuo
536 687 679 746 radicitus
698 688 824 747 abstulit
842 707 964 764 ungues,

269 791 300 843 et
320 785 408 843 miser
427 786 555 844 inuisam
575 785 670 845 traxit
689 785 788 844 hiatus
807 805 914 863 aquam
923 805 933 859 3

229 885 308 942 hunc
327 904 418 963 paruo
438 886 509 944 ferri
528 886 607 959 uidit
626 905 688 944 nox
706 884 830 962 inproba
848 883 928 962 ligno
936 905 947 961 ;

269 982 379 1040 Paetus
399 987 435 1040 ut
454 981 606 1056 occideret,
628 987 675 1040 tot
693 980 788 1039 coiere
807 979 893 1039 mala.

229 1079 301 1136 fleus
315 1084 416 1137 tamen
430 1079 571 1136 extremis
585 1078 667 1136 dedit
681 1077 752 1136 haec
765 1076 905 1136 mandata
917 1075 1052 1154 querelis,
1084 1094 1100 1154 5
1105 1093 1121 1155 5

267 1195 334 1233 cum
353 1175 527 1234 moribunda
542 1176 628 1252 niger
645 1173 796 1233 clauderet
813 1193 865 1233 ora
882 1173 997 1252 liquor:

231 1271 278 1328 ‘di
297 1270 387 1329 maris
404 1270 517 1349 Aegaei
536 1289 609 1348 quos
625 1276 697 1330 sunt
713 1288 803 1349 penes
818 1289 952 1348 aequora,
971 1269 1074 1343 Venti,

267 1372 298 1426 ot
318 1386 518 1445 quaecumque
537 1387 636 1426 meum
657 1367 798 1445 degrauat
818 1366 898 1426 unda
917 1373 1016 1446 caput,

228 1483 286 1540 quo
304 1465 410 1541 rapitis
429 1464 551 1523 miseros
570 1464 684 1542 primae
703 1463 852 1542 lanuginis
872 1466 988 1526 aunosl

266 1562 421 1620 attulimus
440 1560 543 1640 longas
562 1561 596 1619 in
615 1561 692 1621 freta
711 1569 812 1622 uestra
830 1583 942 1623 manua
1077 1566 1122 1624 '60

227 1657 261 1715 a!
284 1660 373 1717 miser
391 1660 546 1737 alcyonum
565 1660 692 1736 scoprdis
711 1659 833 1737 adfligar
852 1661 963 1719 acutis:

267 1755 298 1811 in
317 1774 363 1813 ma
383 1756 515 1813 cacruleo
534 1756 649 1813 fuscina
665 1760 784 1830 sumpta
803 1754 894 1813 decet

227 1858 258 1906 ot
278 1851 383 1908 saltem
403 1851 509 1909 Italiae
529 1851 698 1927 regionibus
718 1850 826 1908 euehat
845 1855 961 1908 aestus:

266 1945 321 2003 hcc
340 1947 376 2004 de
396 1951 508 2004 masat
528 1946 585 2005 erit
603 1946 631 2004 si
650 1945 737 2004 modo
756 1944 860 2005 matris
880 1945 956 2006 erit!

227 2042 376 2099 subtrahit
394 2041 466 2100 haec
484 2043 598 2100 fantem
618 2047 699 2099 torta
717 2041 864 2118 uertigine
884 2041 991 2100 flnctus
999 2064 1010 2117 ;
1084 2045 1121 2119 65

267 2136 373 2194 ultima
392 2157 467 2214 quae
487 2137 579 2196 Paeto
599 2156 718 2214 noxque
737 2137 857 2214 diesque
877 2137 942 2196 suit

228 2252 245 2288 ο
265 2237 383 2290 centum
403 2252 562 2308 aequoreae
582 2233 681 2291 Nereo
700 2233 832 2310 genitore
851 2215 975 2310 puellae,

267 2335 298 2387 ct
317 2334 353 2387 tu
372 2333 506 2387 materno
523 2334 605 2388 tacta
622 2329 723 2389 dolore
742 2329 855 2405 Thetis,

228 2447 281 2484 uos
301 2427 400 2485 decuit
419 2427 495 2485 lasso
515 2446 677 2504 supponere
697 2425 834 2486 bracchia
852 2431 954 2486 mento
963 2444 975 2501 ς

268 2543 328 2581 non
345 2529 462 2600 poterat
480 2529 594 2582 uestras
613 2522 665 2582 ille
681 2542 805 2601 muare
824 2542 951 2582 manus.¹
1085 2541 1121 2598 70
1212 2516 1214 2520 ’

229 2625 260 2674 at
279 2625 322 2691 tu,
343 2639 429 2677 saeue
446 2619 567 2694 Aquilo,
585 2638 747 2695 numquam
768 2637 833 2676 mea
849 2620 918 2676 uela
935 2617 1049 2677 uidebis
1059 2637 1068 2691 ;

268 2719 337 2772 ante
353 2715 429 2772 sores
447 2714 582 2772 dominae
597 2716 706 2774 condar
721 2720 838 2792 oportet
856 2713 945 2773 iners.

325 2872 369 2922 IV.
381 2886 416 2922 η.
432 2871 463 2925 n.
477 2837 585 2923 nune(
878 2875 910 2925 aa
926 2887 1024 2926 arca.

326 2957 356 3003 el
374 2963 440 3005 terra
447 2953 720 3021 pammsaerotscu'u
891 2955 924 3008 46
936 2962 1027 3020 potest.

326 3034 357 3083 63
374 3036 491 3086 adnotat.
