2460 3884
532 349 659 408 LIBER
685 347 739 409 IV.
928 338 931 344 ’
1042 346 1085 404 25

188 485 223 536 ut
243 497 295 555 pcc
314 483 345 535 te
364 477 476 535 clausas
496 477 570 535 sciat
589 482 744 535 excantare
763 474 876 552 puellae

228 573 280 648 qui
299 572 380 630 uolet
401 577 532 629 austeros
552 576 616 629 erte
636 571 722 630 ferire
741 570 839 629 unos’
1025 581 1027 585 ’
1044 585 1081 644 50

189 670 263 728 talia
282 669 421 746 Calliope,
444 668 630 745 lymphisque
650 687 668 725 a
687 668 768 726 sonte
787 665 890 743 petitis

229 786 281 824 ora
301 766 454 825 Philetaea
473 771 575 823 nostra
594 763 706 842 rigauit
724 783 808 842 aqua
894 796 896 800 ·

270 920 314 971 IV.
325 936 356 971 11.
372 921 403 970 Is.
415 920 516 972 Mitller.
647 922 679 972 29
696 935 760 982 arec.
891 921 922 969 33
939 933 1016 968 rure.-

552 999 585 1049 42
601 1001 719 1062 tineam.
786 1007 787 1010 ’

565 1295 621 1358 sn
665 1293 710 1359 ve
788 1273 863 1368 qq?
884 1284 918 1348 *7

422 1469 499 1534 The
521 1468 636 1534 death
658 1469 699 1533 oi
715 1469 862 1534 Paetus.

194 1639 272 1715 Ergo
292 1637 432 1697 sollicitae
452 1643 487 1696 tu
507 1657 601 1711 cansa,
622 1635 755 1715 pecunia,
775 1635 877 1695 uitae!

233 1753 286 1810 per
305 1741 336 1791 te
355 1735 546 1791 immatusum
566 1733 670 1791 mortis
689 1733 806 1791 adimus
824 1733 890 1790 iter.

195 1835 228 1886 tu
249 1830 332 1886 uitiis
351 1829 504 1887 hominum
524 1829 655 1886 crudelia
675 1828 783 1904 pabula
801 1829 939 1905 praebes:
987 1881 989 1892 .

236 1925 348 1981 semina
367 1942 504 1980 curarum
525 1922 561 1979 de
581 1922 677 1998 capite
696 1928 762 1979 orta
781 1928 841 1981 tuo.

197 2022 231 2074 tn
251 2015 377 2074 Paetum
397 2015 435 2074 ed
455 2015 578 2073 Pharios
598 2015 767 2074 tendentem
787 2015 881 2074 lintea
899 2021 1003 2094 portus
1073 2033 1088 2092 5

236 2109 336 2168 obruis
355 2109 460 2168 insano
480 2115 584 2187 terque
604 2116 765 2188 quaterque
784 2111 866 2170 mari.

197 2226 265 2264 nam
285 2207 356 2265 dum
376 2211 407 2264 te
427 2206 561 2282 sequitur
579 2207 675 2283 primo
694 2208 784 2265 miser
802 2207 914 2266 excidit
933 2227 1005 2267 aeuo

170 2358 172 2362 ,
237 2318 268 2361 et
287 2322 366 2360 noua
385 2302 554 2379 longinquis
574 2302 702 2379 piscibus
722 2322 787 2362 esca
806 2308 909 2362 natat:

198 2405 228 2455 ct
248 2404 343 2455 mater
361 2416 422 2454 non
441 2398 521 2454 iusta
539 2398 606 2474 pice
625 2397 696 2456 dare
715 2399 815 2457 debita
833 2404 930 2456 terrae

238 2513 290 2551 nec
310 2498 379 2568 pote
397 2499 535 2569 cognatos
555 2493 634 2552 inter
654 2495 778 2552 humare
797 2513 882 2570 rogos
892 2515 902 2567 3
1057 2516 1092 2553 10

200 2588 250 2645 sed
270 2592 322 2644 tua
342 2606 421 2644 nunc
441 2588 574 2646 uolucres
591 2594 693 2660 estant
712 2609 801 2667 super
819 2609 885 2648 osea
904 2591 1044 2664 marinae,

240 2704 319 2742 nunc
339 2685 397 2742 tibi
416 2704 468 2761 prc
488 2686 604 2743 tumulo
625 2677 817 2764 Carpathium
837 2705 924 2744 omne
942 2694 1058 2747 marest.

200 2781 304 2838 infelix
323 2781 444 2857 Aquilo,
465 2788 566 2858 raptae
586 2783 676 2841 timor
696 2783 857 2860 Orithyiae,

241 2895 316 2951 quae
335 2875 429 2952 spolia
449 2896 487 2934 ex
506 2877 557 2934 illo
577 2883 663 2936 tanta
681 2878 763 2937 fuere
783 2878 858 2937 tibil
955 2938 957 2943 ,

202 2979 254 3030 aut
273 2972 414 3047 quidnam
433 2973 527 3030 fracta
546 2974 662 3048 gaudes,
685 2974 835 3051 Neptune,
856 2974 975 3034 carina'l
1060 2992 1093 3052 ις

242 3069 377 3144 portabat
397 3076 512 3127 sanctos
531 3071 633 3139 alueus
653 3071 704 3129 ille
726 3071 813 3130 uiros

204 3165 302 3237 Paete,
324 3165 396 3241 qnid
415 3169 543 3223 aetatem
563 3167 723 3225 numerael
744 3165 816 3240 quid
835 3185 902 3224 cara
921 3169 1038 3225 natanti

243 3265 336 3315 mater
356 3259 389 3314 in
409 3277 459 3316 ore
479 3258 582 3318 tibist'l
601 3278 661 3317 non
680 3259 771 3317 habet
789 3259 870 3318 unda
889 3258 965 3319 deos.
1056 3301 1057 3304 =
