<?xml version="1.0" encoding="UTF-8"?>
<!DOCTYPE html PUBLIC "-//W3C//DTD XHTML 1.0 Transitional//EN"
    "http://www.w3.org/TR/xhtml1/DTD/xhtml1-transitional.dtd">
<html xmlns="http://www.w3.org/1999/xhtml" xml:lang="en" lang="en">
 <head>
  <title>
</title>
<meta http-equiv="Content-Type" content="text/html;charset=utf-8" />
  <meta name='ocr-system' content='tesseract 3.04.00' />
  <meta name='ocr-capabilities' content='ocr_page ocr_carea ocr_par ocr_line ocrx_word'/>
</head>
<body>
  <div class='ocr_page' id='page_1' title='image "./selectelegiespr00postgoog_0160.png"; bbox 0 0 2460 3884; ppageno 0'>
   <div class='ocr_carea' id='block_1_1' title="bbox 497 340 1035 406">
    <p class='ocr_par' dir='ltr' id='par_1_1' title="bbox 497 340 1035 406">
     <span class='ocr_line' id='line_1_1' title="bbox 497 340 1035 406; baseline -0.004 -7"><span class='ocrx_word' id='word_1_1' title='bbox 497 340 626 400; x_wconf 76' lang='lat' dir='ltr'><em>LIBER</em></span> <span class='ocrx_word' id='word_1_2' title='bbox 653 341 680 406; x_wconf 78' lang='lat' dir='ltr'><em>L</em></span> <span class='ocrx_word' id='word_1_3' title='bbox 1017 341 1035 397; x_wconf 87' lang='grc'>3</span> 
     </span>
    </p>
   </div>
   <div class='ocr_carea' id='block_1_2' title="bbox 140 448 1035 932">
    <p class='ocr_par' dir='ltr' id='par_1_2' title="bbox 141 448 1035 641">
     <span class='ocr_line' id='line_1_2' title="bbox 141 448 1035 547; baseline 0.001 -19"><span class='ocrx_word' id='word_1_4' title='bbox 141 475 322 546; x_wconf 75' lang='lat' dir='ltr'><strong>naturaeque</strong></span> <span class='ocrx_word' id='word_1_5' title='bbox 342 463 431 527; x_wconf 90' lang='lat' dir='ltr'><strong>decus</strong></span> <span class='ocrx_word' id='word_1_6' title='bbox 450 474 580 527; x_wconf 85' lang='lat' dir='ltr'><strong>mercato</strong></span> <span class='ocrx_word' id='word_1_7' title='bbox 600 469 721 545; x_wconf 82' lang='lat' dir='ltr'>perdere</span> <span class='ocrx_word' id='word_1_8' title='bbox 741 470 823 529; x_wconf 87' lang='lat' dir='ltr'><strong>cultu</strong></span> <span class='ocrx_word' id='word_1_9' title='bbox 886 448 890 456; x_wconf 29' lang='grc' dir='ltr'>Ι</span> <span class='ocrx_word' id='word_1_10' title='bbox 945 495 947 498; x_wconf 49' lang='lat'><em>⁴</em></span> <span class='ocrx_word' id='word_1_11' title='bbox 1019 486 1035 547; x_wconf 86' lang='lat'>5</span> 
     </span>
     <span class='ocr_line' id='line_1_3' title="bbox 180 564 940 641; baseline 0.001 -18"><span class='ocrx_word' id='word_1_12' title='bbox 180 585 234 623; x_wconf 90' lang='lat' dir='ltr'><strong>nec</strong></span> <span class='ocrx_word' id='word_1_13' title='bbox 253 565 350 623; x_wconf 87' lang='lat' dir='ltr'><strong>sinere</strong></span> <span class='ocrx_word' id='word_1_14' title='bbox 370 565 403 622; x_wconf 92' lang='lat' dir='ltr'><strong>in</strong></span> <span class='ocrx_word' id='word_1_15' title='bbox 422 564 549 641; x_wconf 83' lang='lat' dir='ltr'><strong>propriis</strong></span> <span class='ocrx_word' id='word_1_16' title='bbox 568 567 700 624; x_wconf 88' lang='lat' dir='ltr'><strong>membra</strong></span> <span class='ocrx_word' id='word_1_17' title='bbox 719 567 815 626; x_wconf 86' lang='lat' dir='ltr'><strong>nitere</strong></span> <span class='ocrx_word' id='word_1_18' title='bbox 834 566 940 625; x_wconf 77' lang='lat' dir='ltr'><strong>boniet</strong></span> 
     </span>
    </p>

    <p class='ocr_par' dir='ltr' id='par_1_3' title="bbox 140 661 919 818">
     <span class='ocr_line' id='line_1_4' title="bbox 140 661 919 740; baseline 0.003 -20"><span class='ocrx_word' id='word_1_19' title='bbox 140 662 225 721; x_wconf 89' lang='lat' dir='ltr'><strong>crede</strong></span> <span class='ocrx_word' id='word_1_20' title='bbox 245 661 326 734; x_wconf 87' lang='lat' dir='ltr'><strong>milri,</strong></span> <span class='ocrx_word' id='word_1_21' title='bbox 348 681 409 720; x_wconf 90' lang='lat' dir='ltr'><strong>non</strong></span> <span class='ocrx_word' id='word_1_22' title='bbox 428 661 490 719; x_wconf 92' lang='lat' dir='ltr'><strong>ulla</strong></span> <span class='ocrx_word' id='word_1_23' title='bbox 509 667 608 721; x_wconf 77' lang='lat' dir='ltr'>tuaest</span> <span class='ocrx_word' id='word_1_24' title='bbox 627 663 772 722; x_wconf 86' lang='lat' dir='ltr'><strong>medicina</strong></span> <span class='ocrx_word' id='word_1_25' title='bbox 792 664 919 740; x_wconf 82' lang='lat' dir='ltr'><strong>figurae:</strong></span> 
     </span>
     <span class='ocr_line' id='line_1_5' title="bbox 181 758 878 818; baseline 0.003 -2"><span class='ocrx_word' id='word_1_26' title='bbox 181 760 279 817; x_wconf 89' lang='lat' dir='ltr'><strong>nudus</strong></span> <span class='ocrx_word' id='word_1_27' title='bbox 299 758 395 816; x_wconf 86' lang='lat' dir='ltr'><strong>Amor</strong></span> <span class='ocrx_word' id='word_1_28' title='bbox 414 758 526 817; x_wconf 84' lang='lat' dir='ltr'><strong>formae</strong></span> <span class='ocrx_word' id='word_1_29' title='bbox 546 780 607 818; x_wconf 90' lang='lat' dir='ltr'><strong>non</strong></span> <span class='ocrx_word' id='word_1_30' title='bbox 625 765 707 818; x_wconf 85' lang='lat' dir='ltr'><strong>amat</strong></span> <span class='ocrx_word' id='word_1_31' title='bbox 726 759 878 818; x_wconf 87' lang='lat' dir='ltr'><strong>artificem.</strong></span> 
     </span>
    </p>

    <p class='ocr_par' dir='ltr' id='par_1_4' title="bbox 141 853 930 932">
     <span class='ocr_line' id='line_1_6' title="bbox 141 853 930 932; baseline 0.004 -21"><span class='ocrx_word' id='word_1_32' title='bbox 141 853 237 930; x_wconf 80' lang='lat' dir='ltr'><strong>aspice</strong></span> <span class='ocrx_word' id='word_1_33' title='bbox 256 874 330 930; x_wconf 86' lang='lat' dir='ltr'><strong>quos</strong></span> <span class='ocrx_word' id='word_1_34' title='bbox 350 855 517 912; x_wconf 88' lang='lat' dir='ltr'><strong>summittat</strong></span> <span class='ocrx_word' id='word_1_35' title='bbox 535 854 645 913; x_wconf 84' lang='lat' dir='ltr'><strong>humus</strong></span> <span class='ocrx_word' id='word_1_36' title='bbox 665 855 793 914; x_wconf 84' lang='lat' dir='ltr'><strong>formosa</strong></span> <span class='ocrx_word' id='word_1_37' title='bbox 812 856 930 932; x_wconf 82' lang='lat' dir='ltr'><strong>colores,</strong></span> 
     </span>
    </p>
   </div>
   <div class='ocr_carea' id='block_1_3' title="bbox 135 950 1075 3131">
    <p class='ocr_par' dir='ltr' id='par_1_5' title="bbox 135 950 1075 3131">
     <span class='ocr_line' id='line_1_7' title="bbox 181 950 1037 1029; baseline 0.006 -21"><span class='ocrx_word' id='word_1_38' title='bbox 181 959 216 1008; x_wconf 85' lang='lat' dir='ltr'><strong>ut</strong></span> <span class='ocrx_word' id='word_1_39' title='bbox 235 951 360 1009; x_wconf 87' lang='lat' dir='ltr'><strong>ueniant</strong></span> <span class='ocrx_word' id='word_1_40' title='bbox 378 950 504 1010; x_wconf 86' lang='lat' dir='ltr'><strong>hederae</strong></span> <span class='ocrx_word' id='word_1_41' title='bbox 524 957 629 1029; x_wconf 89' lang='lat' dir='ltr'><strong>sponte</strong></span> <span class='ocrx_word' id='word_1_42' title='bbox 649 973 703 1011; x_wconf 87' lang='lat' dir='ltr'><strong>sua</strong></span> <span class='ocrx_word' id='word_1_43' title='bbox 722 954 835 1026; x_wconf 82' lang='lat' dir='ltr'><strong>melius,</strong></span> <span class='ocrx_word' id='word_1_44' title='bbox 1002 975 1037 1013; x_wconf 85' lang='grc' dir='ltr'><strong>ιο</strong></span> 
     </span>
     <span class='ocr_line' id='line_1_8' title="bbox 141 1042 1075 1122; baseline 0.005 -21"><span class='ocrx_word' id='word_1_45' title='bbox 141 1042 244 1120; x_wconf 83' lang='lat' dir='ltr'><strong>surgat</strong></span> <span class='ocrx_word' id='word_1_46' title='bbox 263 1050 295 1102; x_wconf 87' lang='lat' dir='ltr'><strong>et</strong></span> <span class='ocrx_word' id='word_1_47' title='bbox 313 1045 347 1101; x_wconf 92' lang='lat' dir='ltr'><strong>in</strong></span> <span class='ocrx_word' id='word_1_48' title='bbox 364 1045 434 1102; x_wconf 89' lang='lat' dir='ltr'><strong>solis</strong></span> <span class='ocrx_word' id='word_1_49' title='bbox 453 1045 611 1104; x_wconf 83' lang='lat' dir='ltr'><strong>formosius</strong></span> <span class='ocrx_word' id='word_1_50' title='bbox 630 1048 754 1105; x_wconf 82' lang='lat' dir='ltr'><strong>arbutus</strong></span> <span class='ocrx_word' id='word_1_51' title='bbox 773 1048 876 1122; x_wconf 85' lang='lat' dir='ltr'><strong>antris,</strong></span> <span class='ocrx_word' id='word_1_52' title='bbox 1073 1043 1075 1046; x_wconf 39' lang='lat'><em>⁴</em></span> 
     </span>
     <span class='ocr_line' id='line_1_9' title="bbox 182 1139 912 1217; baseline 0.005 -21"><span class='ocrx_word' id='word_1_53' title='bbox 182 1147 212 1197; x_wconf 90' lang='lat' dir='ltr'><strong>et</strong></span> <span class='ocrx_word' id='word_1_54' title='bbox 233 1141 307 1197; x_wconf 87' lang='lat' dir='ltr'><strong>sciat</strong></span> <span class='ocrx_word' id='word_1_55' title='bbox 326 1139 466 1197; x_wconf 82' lang='lat' dir='ltr'><strong>indociles</strong></span> <span class='ocrx_word' id='word_1_56' title='bbox 486 1160 603 1198; x_wconf 89' lang='lat' dir='ltr'><strong>currere</strong></span> <span class='ocrx_word' id='word_1_57' title='bbox 622 1140 744 1217; x_wconf 84' lang='lat' dir='ltr'><strong>lympha</strong></span> <span class='ocrx_word' id='word_1_58' title='bbox 763 1141 835 1200; x_wconf 76' lang='lat' dir='ltr'><strong>uias</strong></span> <span class='ocrx_word' id='word_1_59' title='bbox 906 1148 912 1158; x_wconf 71' lang='grc'><strong>“’</strong></span> 
     </span>
     <span class='ocr_line' id='line_1_10' title="bbox 142 1235 780 1312; baseline 0.003 -20"><span class='ocrx_word' id='word_1_60' title='bbox 142 1237 230 1294; x_wconf 87' lang='lat' dir='ltr'><strong>litora</strong></span> <span class='ocrx_word' id='word_1_61' title='bbox 249 1235 361 1292; x_wconf 89' lang='lat' dir='ltr'><strong>natiuis</strong></span> <span class='ocrx_word' id='word_1_62' title='bbox 381 1235 552 1311; x_wconf 71' lang='lat' dir='ltr'><strong>praelucent</strong></span> <span class='ocrx_word' id='word_1_63' title='bbox 571 1236 651 1311; x_wconf 85' lang='lat' dir='ltr'><strong>picta</strong></span> <span class='ocrx_word' id='word_1_64' title='bbox 670 1236 780 1312; x_wconf 81' lang='lat' dir='ltr'><strong>lapillis</strong></span> 
     </span>
     <span class='ocr_line' id='line_1_11' title="bbox 181 1332 828 1392; baseline 0 0"><span class='ocrx_word' id='word_1_65' title='bbox 181 1341 213 1392; x_wconf 85' lang='lat' dir='ltr'><strong>et</strong></span> <span class='ocrx_word' id='word_1_66' title='bbox 232 1333 367 1391; x_wconf 89' lang='lat' dir='ltr'><strong>uolucres</strong></span> <span class='ocrx_word' id='word_1_67' title='bbox 387 1333 471 1390; x_wconf 86' lang='lat' dir='ltr'><strong>nulla</strong></span> <span class='ocrx_word' id='word_1_68' title='bbox 491 1332 606 1390; x_wconf 85' lang='lat' dir='ltr'><strong>dulcius</strong></span> <span class='ocrx_word' id='word_1_69' title='bbox 625 1338 690 1392; x_wconf 83' lang='lat' dir='ltr'><strong>crte</strong></span> <span class='ocrx_word' id='word_1_70' title='bbox 709 1337 828 1392; x_wconf 88' lang='lat' dir='ltr'><strong>canunt.</strong></span> 
     </span>
     <span class='ocr_line' id='line_1_12' title="bbox 142 1429 1035 1508; baseline 0 -19"><span class='ocrx_word' id='word_1_71' title='bbox 142 1452 202 1490; x_wconf 87' lang='lat' dir='ltr'><strong>non</strong></span> <span class='ocrx_word' id='word_1_72' title='bbox 222 1432 264 1489; x_wconf 86' lang='lat' dir='ltr'><strong>sic</strong></span> <span class='ocrx_word' id='word_1_73' title='bbox 284 1430 441 1508; x_wconf 82' lang='lat' dir='ltr'><strong>Leucippis</strong></span> <span class='ocrx_word' id='word_1_74' title='bbox 460 1429 610 1489; x_wconf 78' lang='lat' dir='ltr'><strong>succendit</strong></span> <span class='ocrx_word' id='word_1_75' title='bbox 630 1430 753 1488; x_wconf 74' lang='lat' dir='ltr'><strong>Castora</strong></span> <span class='ocrx_word' id='word_1_76' title='bbox 774 1429 900 1504; x_wconf 88' lang='lat' dir='ltr'><strong>Phoebe,</strong></span> <span class='ocrx_word' id='word_1_77' title='bbox 1001 1447 1035 1505; x_wconf 85' lang='lat'><strong>15</strong></span> 
     </span>
     <span class='ocr_line' id='line_1_13' title="bbox 183 1526 766 1602; baseline -0.005 -15"><span class='ocrx_word' id='word_1_78' title='bbox 183 1530 334 1588; x_wconf 90' lang='lat' dir='ltr'><strong>Pollucem</strong></span> <span class='ocrx_word' id='word_1_79' title='bbox 354 1529 437 1586; x_wconf 91' lang='lat' dir='ltr'><strong>cultu</strong></span> <span class='ocrx_word' id='word_1_80' title='bbox 457 1547 518 1586; x_wconf 93' lang='lat' dir='ltr'><strong>non</strong></span> <span class='ocrx_word' id='word_1_81' title='bbox 538 1526 658 1586; x_wconf 85' lang='lat' dir='ltr'><strong>Hileira</strong></span> <span class='ocrx_word' id='word_1_82' title='bbox 677 1546 766 1602; x_wconf 86' lang='lat' dir='ltr'><strong>soror,</strong></span> 
     </span>
     <span class='ocr_line' id='line_1_14' title="bbox 142 1624 964 1703; baseline -0.001 -18"><span class='ocrx_word' id='word_1_83' title='bbox 142 1648 210 1699; x_wconf 89' lang='lat' dir='ltr'><strong>non,</strong></span> <span class='ocrx_word' id='word_1_84' title='bbox 232 1627 304 1685; x_wconf 83' lang='lat' dir='ltr'><strong>Idae</strong></span> <span class='ocrx_word' id='word_1_85' title='bbox 324 1634 355 1685; x_wconf 86' lang='lat' dir='ltr'><strong>et</strong></span> <span class='ocrx_word' id='word_1_86' title='bbox 374 1626 480 1703; x_wconf 90' lang='lat' dir='ltr'><strong>cupido</strong></span> <span class='ocrx_word' id='word_1_87' title='bbox 501 1624 650 1702; x_wconf 90' lang='lat' dir='ltr'><strong>quondam</strong></span> <span class='ocrx_word' id='word_1_88' title='bbox 670 1624 816 1684; x_wconf 86' lang='lat' dir='ltr'><strong>discordia</strong></span> <span class='ocrx_word' id='word_1_89' title='bbox 837 1624 964 1701; x_wconf 86' lang='lat' dir='ltr'><strong>Phoebo,</strong></span> 
     </span>
     <span class='ocr_line' id='line_1_15' title="bbox 183 1721 650 1801; baseline -0.004 -19"><span class='ocrx_word' id='word_1_90' title='bbox 183 1725 279 1782; x_wconf 87' lang='lat' dir='ltr'><strong>Eueni</strong></span> <span class='ocrx_word' id='word_1_91' title='bbox 299 1723 403 1801; x_wconf 88' lang='lat' dir='ltr'><strong>patriis</strong></span> <span class='ocrx_word' id='word_1_92' title='bbox 422 1723 485 1781; x_wconf 89' lang='lat' dir='ltr'><strong>filia</strong></span> <span class='ocrx_word' id='word_1_93' title='bbox 504 1721 650 1793; x_wconf 85' lang='lat' dir='ltr'><strong>litoribus,</strong></span> 
     </span>
     <span class='ocr_line' id='line_1_16' title="bbox 142 1819 1010 1898; baseline 0 -18"><span class='ocrx_word' id='word_1_94' title='bbox 142 1842 196 1880; x_wconf 87' lang='lat' dir='ltr'><strong>nco</strong></span> <span class='ocrx_word' id='word_1_95' title='bbox 216 1821 380 1898; x_wconf 82' lang='lat' dir='ltr'><strong>Phrygium</strong></span> <span class='ocrx_word' id='word_1_96' title='bbox 399 1820 474 1878; x_wconf 79' lang='lat' dir='ltr'><strong>falso</strong></span> <span class='ocrx_word' id='word_1_97' title='bbox 494 1820 591 1877; x_wconf 86' lang='lat' dir='ltr'><strong>traxit</strong></span> <span class='ocrx_word' id='word_1_98' title='bbox 610 1820 736 1880; x_wconf 86' lang='lat' dir='ltr'><strong>candore</strong></span> <span class='ocrx_word' id='word_1_99' title='bbox 757 1820 898 1880; x_wconf 89' lang='lat' dir='ltr'><strong>maritum</strong></span> <span class='ocrx_word' id='word_1_100' title='bbox 1008 1819 1010 1824; x_wconf 34' lang='lat'>⁸</span> 
     </span>
     <span class='ocr_line' id='line_1_17' title="bbox 182 1916 1038 1993; baseline -0.001 -17"><span class='ocrx_word' id='word_1_101' title='bbox 182 1925 286 1976; x_wconf 85' lang='lat' dir='ltr'><strong>auecta</strong></span> <span class='ocrx_word' id='word_1_102' title='bbox 305 1917 437 1976; x_wconf 84' lang='lat' dir='ltr'><strong>externis</strong></span> <span class='ocrx_word' id='word_1_103' title='bbox 457 1916 660 1993; x_wconf 88' lang='lat' dir='ltr'><strong>Hippodamia</strong></span> <span class='ocrx_word' id='word_1_104' title='bbox 679 1918 753 1976; x_wconf 83' lang='lat' dir='ltr'><strong>rotis</strong></span> <span class='ocrx_word' id='word_1_105' title='bbox 762 1937 772 1991; x_wconf 83' lang='lat'><em>3</em></span> <span class='ocrx_word' id='word_1_106' title='bbox 1001 1938 1038 1977; x_wconf 81' lang='lat' dir='ltr'><strong>ro</strong></span> 
     </span>
     <span class='ocr_line' id='line_1_18' title="bbox 144 2012 835 2088; baseline -0.003 -16"><span class='ocrx_word' id='word_1_107' title='bbox 144 2016 194 2072; x_wconf 87' lang='lat' dir='ltr'><strong>sed</strong></span> <span class='ocrx_word' id='word_1_108' title='bbox 214 2014 304 2072; x_wconf 85' lang='lat' dir='ltr'><strong>facies</strong></span> <span class='ocrx_word' id='word_1_109' title='bbox 324 2013 427 2071; x_wconf 86' lang='lat' dir='ltr'><strong>aderat</strong></span> <span class='ocrx_word' id='word_1_110' title='bbox 446 2012 536 2070; x_wconf 84' lang='lat' dir='ltr'><strong>nullis</strong></span> <span class='ocrx_word' id='word_1_111' title='bbox 556 2012 685 2070; x_wconf 88' lang='lat' dir='ltr'><strong>obnoxia</strong></span> <span class='ocrx_word' id='word_1_112' title='bbox 704 2012 835 2088; x_wconf 85' lang='lat' dir='ltr'><strong>gemmis,</strong></span> 
     </span>
     <span class='ocr_line' id='line_1_19' title="bbox 183 2109 782 2189; baseline 0 -19"><span class='ocrx_word' id='word_1_113' title='bbox 183 2112 278 2189; x_wconf 86' lang='lat' dir='ltr'><strong>qualis</strong></span> <span class='ocrx_word' id='word_1_114' title='bbox 297 2111 430 2187; x_wconf 86' lang='lat' dir='ltr'><strong>Apelleis</strong></span> <span class='ocrx_word' id='word_1_115' title='bbox 450 2117 495 2169; x_wconf 89' lang='lat' dir='ltr'><strong>est</strong></span> <span class='ocrx_word' id='word_1_116' title='bbox 514 2109 594 2169; x_wconf 90' lang='lat' dir='ltr'><strong>color</strong></span> <span class='ocrx_word' id='word_1_117' title='bbox 612 2109 646 2169; x_wconf 90' lang='lat' dir='ltr'><strong>in</strong></span> <span class='ocrx_word' id='word_1_118' title='bbox 664 2110 782 2171; x_wconf 83' lang='lat' dir='ltr'><strong>tabulis.</strong></span> 
     </span>
     <span class='ocr_line' id='line_1_20' title="bbox 135 2200 1015 2285; baseline 0 -17"><span class='ocrx_word' id='word_1_119' title='bbox 135 2229 203 2282; x_wconf 82' lang='lat' dir='ltr'><strong>non</strong></span> <span class='ocrx_word' id='word_1_120' title='bbox 222 2208 282 2265; x_wconf 87' lang='lat' dir='ltr'><strong>illis</strong></span> <span class='ocrx_word' id='word_1_121' title='bbox 302 2207 435 2266; x_wconf 86' lang='lat' dir='ltr'><strong>studium</strong></span> <span class='ocrx_word' id='word_1_122' title='bbox 455 2209 541 2285; x_wconf 83' lang='lat' dir='ltr'><strong>uolgo</strong></span> <span class='ocrx_word' id='word_1_123' title='bbox 561 2200 732 2284; x_wconf 80' lang='lat' dir='ltr'><strong>conquirere</strong></span> <span class='ocrx_word' id='word_1_124' title='bbox 751 2211 897 2268; x_wconf 79' lang='lat' dir='ltr'><strong>amantes:</strong></span> <span class='ocrx_word' id='word_1_125' title='bbox 1008 2269 1015 2279; x_wconf 76' lang='grc'><strong>,</strong></span> 
     </span>
     <span class='ocr_line' id='line_1_21' title="bbox 182 2304 738 2383; baseline 0 -19"><span class='ocrx_word' id='word_1_126' title='bbox 182 2306 242 2364; x_wconf 88' lang='lat' dir='ltr'><strong>illis</strong></span> <span class='ocrx_word' id='word_1_127' title='bbox 263 2306 360 2383; x_wconf 84' lang='lat' dir='ltr'><strong>ampla</strong></span> <span class='ocrx_word' id='word_1_128' title='bbox 380 2305 452 2364; x_wconf 87' lang='lat' dir='ltr'><strong>satis</strong></span> <span class='ocrx_word' id='word_1_129' title='bbox 471 2306 566 2363; x_wconf 81' lang='lat' dir='ltr'><strong>forma</strong></span> <span class='ocrx_word' id='word_1_130' title='bbox 585 2304 738 2382; x_wconf 86' lang='lat' dir='ltr'><strong>pudicitia.</strong></span> 
     </span>
     <span class='ocr_line' id='line_1_22' title="bbox 142 2400 1034 2479; baseline -0.001 -18"><span class='ocrx_word' id='word_1_131' title='bbox 142 2423 203 2461; x_wconf 87' lang='lat' dir='ltr'><strong>non</strong></span> <span class='ocrx_word' id='word_1_132' title='bbox 222 2422 275 2479; x_wconf 86' lang='lat' dir='ltr'><strong>ego</strong></span> <span class='ocrx_word' id='word_1_133' title='bbox 296 2422 375 2459; x_wconf 91' lang='lat' dir='ltr'><strong>nunc</strong></span> <span class='ocrx_word' id='word_1_134' title='bbox 394 2421 506 2476; x_wconf 88' lang='lat' dir='ltr'><strong>uereor,</strong></span> <span class='ocrx_word' id='word_1_135' title='bbox 528 2421 566 2459; x_wconf 88' lang='lat' dir='ltr'><strong>ne</strong></span> <span class='ocrx_word' id='word_1_136' title='bbox 585 2403 641 2460; x_wconf 91' lang='lat' dir='ltr'><strong>sim</strong></span> <span class='ocrx_word' id='word_1_137' title='bbox 661 2401 719 2459; x_wconf 92' lang='lat' dir='ltr'><strong>tibi</strong></span> <span class='ocrx_word' id='word_1_138' title='bbox 738 2400 826 2459; x_wconf 87' lang='lat' dir='ltr'><strong>uilior</strong></span> <span class='ocrx_word' id='word_1_139' title='bbox 845 2400 918 2462; x_wconf 76' lang='lat' dir='ltr'><strong>istis</strong></span> <span class='ocrx_word' id='word_1_140' title='bbox 1000 2420 1034 2478; x_wconf 84' lang='lat'><strong>25</strong></span> 
     </span>
     <span class='ocr_line' id='line_1_23' title="bbox 182 2487 1025 2574; baseline 0 -19"><span class='ocrx_word' id='word_1_141' title='bbox 182 2498 236 2555; x_wconf 90' lang='lat' dir='ltr'><strong>uni</strong></span> <span class='ocrx_word' id='word_1_142' title='bbox 255 2498 281 2555; x_wconf 84' lang='lat' dir='ltr'><strong>si</strong></span> <span class='ocrx_word' id='word_1_143' title='bbox 301 2517 360 2573; x_wconf 92' lang='lat' dir='ltr'><strong>qua</strong></span> <span class='ocrx_word' id='word_1_144' title='bbox 379 2498 483 2574; x_wconf 86' lang='lat' dir='ltr'><strong>placet,</strong></span> <span class='ocrx_word' id='word_1_145' title='bbox 504 2499 584 2555; x_wconf 87' lang='lat' dir='ltr'><strong>culta</strong></span> <span class='ocrx_word' id='word_1_146' title='bbox 602 2497 700 2574; x_wconf 85' lang='lat' dir='ltr'><strong>puella</strong></span> <span class='ocrx_word' id='word_1_147' title='bbox 719 2503 831 2555; x_wconf 81' lang='lat' dir='ltr'><strong>sat&#39;est</strong></span> <span class='ocrx_word' id='word_1_148' title='bbox 839 2518 849 2571; x_wconf 89' lang='lat'>;</span> <span class='ocrx_word' id='word_1_149' title='bbox 1023 2487 1025 2491; x_wconf 7' lang='grc' dir='ltr'><strong>ἲ</strong></span> 
     </span>
     <span class='ocr_line' id='line_1_24' title="bbox 143 2591 968 2667; baseline 0.001 -20"><span class='ocrx_word' id='word_1_150' title='bbox 143 2611 209 2667; x_wconf 81' lang='lat' dir='ltr'><strong>cum</strong></span> <span class='ocrx_word' id='word_1_151' title='bbox 229 2591 285 2647; x_wconf 92' lang='lat' dir='ltr'><strong>tibi</strong></span> <span class='ocrx_word' id='word_1_152' title='bbox 305 2593 478 2667; x_wconf 87' lang='lat' dir='ltr'><strong>praesertim</strong></span> <span class='ocrx_word' id='word_1_153' title='bbox 499 2592 635 2649; x_wconf 86' lang='lat' dir='ltr'><strong>Phoebus</strong></span> <span class='ocrx_word' id='word_1_154' title='bbox 655 2610 709 2649; x_wconf 78' lang='lat' dir='ltr'><strong>sus</strong></span> <span class='ocrx_word' id='word_1_155' title='bbox 729 2592 859 2650; x_wconf 79' lang='lat' dir='ltr'><strong>carmina</strong></span> <span class='ocrx_word' id='word_1_156' title='bbox 878 2591 968 2650; x_wconf 82' lang='lat' dir='ltr'><strong>donet</strong></span> 
     </span>
     <span class='ocr_line' id='line_1_25' title="bbox 183 2687 780 2765; baseline 0.005 -23"><span class='ocrx_word' id='word_1_157' title='bbox 183 2687 371 2763; x_wconf 87' lang='lat' dir='ltr'><strong>Aoniamque</strong></span> <span class='ocrx_word' id='word_1_158' title='bbox 390 2688 486 2746; x_wconf 84' lang='lat' dir='ltr'><strong>libens</strong></span> <span class='ocrx_word' id='word_1_159' title='bbox 507 2688 657 2765; x_wconf 73' lang='lat' dir='ltr'><strong>Calliopea</strong></span> <span class='ocrx_word' id='word_1_160' title='bbox 675 2688 780 2763; x_wconf 85' lang='lat' dir='ltr'><strong>lyram,</strong></span> 
     </span>
     <span class='ocr_line' id='line_1_26' title="bbox 144 2783 794 2862; baseline 0.002 -21"><span class='ocrx_word' id='word_1_161' title='bbox 144 2785 231 2842; x_wconf 85' lang='lat' dir='ltr'><strong>unica</strong></span> <span class='ocrx_word' id='word_1_162' title='bbox 249 2803 304 2842; x_wconf 87' lang='lat' dir='ltr'><strong>nec</strong></span> <span class='ocrx_word' id='word_1_163' title='bbox 323 2783 399 2842; x_wconf 88' lang='lat' dir='ltr'><strong>desit</strong></span> <span class='ocrx_word' id='word_1_164' title='bbox 417 2785 554 2843; x_wconf 83' lang='lat' dir='ltr'><strong>iucundis</strong></span> <span class='ocrx_word' id='word_1_165' title='bbox 573 2785 669 2862; x_wconf 78' lang='lat' dir='ltr'><strong>gratia</strong></span> <span class='ocrx_word' id='word_1_166' title='bbox 687 2784 794 2857; x_wconf 85' lang='lat' dir='ltr'><strong>uerbis,</strong></span> 
     </span>
     <span class='ocr_line' id='line_1_27' title="bbox 183 2880 1038 2957; baseline -0.002 -20"><span class='ocrx_word' id='word_1_167' title='bbox 183 2882 282 2938; x_wconf 86' lang='lat' dir='ltr'><strong>omnia</strong></span> <span class='ocrx_word' id='word_1_168' title='bbox 295 2899 426 2957; x_wconf 87' lang='lat' dir='ltr'><strong>quaeque</strong></span> <span class='ocrx_word' id='word_1_169' title='bbox 440 2881 545 2938; x_wconf 84' lang='lat' dir='ltr'><strong>Venus</strong></span> <span class='ocrx_word' id='word_1_170' title='bbox 558 2900 690 2957; x_wconf 89' lang='lat' dir='ltr'><strong>quaeque</strong></span> <span class='ocrx_word' id='word_1_171' title='bbox 704 2880 843 2938; x_wconf 88' lang='lat' dir='ltr'><strong>Minerua</strong></span> <span class='ocrx_word' id='word_1_172' title='bbox 856 2880 968 2957; x_wconf 81' lang='lat' dir='ltr'><strong>probat</strong></span> <span class='ocrx_word' id='word_1_173' title='bbox 1000 2897 1038 2955; x_wconf 85' lang='lat'><strong>30</strong></span> 
     </span>
     <span class='ocr_line' id='line_1_28' title="bbox 144 2976 888 3053; baseline 0.003 -21"><span class='ocrx_word' id='word_1_174' title='bbox 144 2977 191 3034; x_wconf 86' lang='lat' dir='ltr'><strong>his</strong></span> <span class='ocrx_word' id='word_1_175' title='bbox 210 2982 245 3033; x_wconf 92' lang='lat' dir='ltr'><strong>tu</strong></span> <span class='ocrx_word' id='word_1_176' title='bbox 265 2996 379 3053; x_wconf 79' lang='lat' dir='ltr'><strong>semper</strong></span> <span class='ocrx_word' id='word_1_177' title='bbox 399 2977 457 3034; x_wconf 82' lang='lat' dir='ltr'><strong>eris</strong></span> <span class='ocrx_word' id='word_1_178' title='bbox 476 2982 593 3034; x_wconf 86' lang='lat' dir='ltr'><strong>nostrae</strong></span> <span class='ocrx_word' id='word_1_179' title='bbox 612 2976 780 3053; x_wconf 80' lang='lat' dir='ltr'><strong>gratissima</strong></span> <span class='ocrx_word' id='word_1_180' title='bbox 799 2976 888 3049; x_wconf 87' lang='lat' dir='ltr'><strong>uitae,</strong></span> 
     </span>
     <span class='ocr_line' id='line_1_29' title="bbox 185 3070 835 3131; baseline 0.005 -3"><span class='ocrx_word' id='word_1_181' title='bbox 185 3070 283 3128; x_wconf 78' lang='lat' dir='ltr'><strong>taedia</strong></span> <span class='ocrx_word' id='word_1_182' title='bbox 303 3072 373 3129; x_wconf 91' lang='lat' dir='ltr'><strong>dum</strong></span> <span class='ocrx_word' id='word_1_183' title='bbox 393 3072 516 3131; x_wconf 84' lang='lat' dir='ltr'><strong>miserae</strong></span> <span class='ocrx_word' id='word_1_184' title='bbox 536 3074 597 3131; x_wconf 83' lang='lat' dir='ltr'><strong>sint</strong></span> <span class='ocrx_word' id='word_1_185' title='bbox 616 3071 672 3131; x_wconf 92' lang='lat' dir='ltr'><strong>tibi</strong></span> <span class='ocrx_word' id='word_1_186' title='bbox 692 3071 835 3131; x_wconf 81' lang='lat' dir='ltr'><strong>luxuriae</strong></span> 
     </span>
    </p>
   </div>
   <div class='ocr_carea' id='block_1_4' title="bbox 331 3218 813 3283">
    <p class='ocr_par' dir='ltr' id='par_1_6' title="bbox 331 3218 813 3283">
     <span class='ocr_line' id='line_1_30' title="bbox 331 3218 813 3283; baseline 0.002 -15"><span class='ocrx_word' id='word_1_187' title='bbox 331 3224 333 3229; x_wconf 95' lang='lat'>·</span> <span class='ocrx_word' id='word_1_188' title='bbox 370 3218 402 3268; x_wconf 90' lang='lat'><strong>10</strong></span> <span class='ocrx_word' id='word_1_189' title='bbox 417 3225 450 3269; x_wconf 71' lang='lat' dir='ltr'><strong>c.</strong></span> <span class='ocrx_word' id='word_1_190' title='bbox 657 3219 687 3269; x_wconf 93' lang='lat'><strong>11</strong></span> <span class='ocrx_word' id='word_1_191' title='bbox 699 3219 813 3283; x_wconf 67' lang='lat' dir='ltr'><strong>serrem.</strong></span> 
     </span>
    </p>
   </div>
   <div class='ocr_carea' id='block_1_5' title="bbox 0 0 1239 3884">
    <p class='ocr_par' dir='ltr' id='par_1_7' title="bbox 0 0 1239 3884">
     <span class='ocr_line' id='line_1_31' title="bbox 0 0 1239 3884; baseline 0 0"><span class='ocrx_word' id='word_1_192' title='bbox 0 0 1239 3884; x_wconf 95' lang='lat' dir='ltr'><strong> </strong></span> 
     </span>
    </p>
   </div>
  </div>
 </body>
</html>
