<?xml version="1.0" encoding="UTF-8"?>
<!DOCTYPE html PUBLIC "-//W3C//DTD XHTML 1.0 Transitional//EN"
    "http://www.w3.org/TR/xhtml1/DTD/xhtml1-transitional.dtd">
<html xmlns="http://www.w3.org/1999/xhtml" xml:lang="en" lang="en">
 <head>
  <title>
</title>
<meta http-equiv="Content-Type" content="text/html;charset=utf-8" />
  <meta name='ocr-system' content='tesseract 3.04.00' />
  <meta name='ocr-capabilities' content='ocr_page ocr_carea ocr_par ocr_line ocrx_word'/>
</head>
<body>
  <div class='ocr_page' id='page_1' title='image "./selectelegiespr00postgoog_0158.png"; bbox 0 0 2460 3884; ppageno 0'>
   <div class='ocr_carea' id='block_1_1' title="bbox 363 928 950 1006">
    <p class='ocr_par' dir='ltr' id='par_1_1' title="bbox 363 928 950 1006">
     <span class='ocr_line' id='line_1_1' title="bbox 363 928 950 1006; baseline -0.002 -3"><span class='ocrx_word' id='word_1_1' title='bbox 363 930 639 1006; x_wconf 86' lang='lat' dir='ltr'>PROPERTI</span> <span class='ocrx_word' id='word_1_2' title='bbox 676 928 950 1006; x_wconf 68' lang='lat' dir='ltr'><strong>CARMINA„</strong></span> 
     </span>
    </p>
   </div>
   <div class='ocr_carea' id='block_1_2' title="bbox 592 1260 716 1426">
    <p class='ocr_par' dir='ltr' id='par_1_2' title="bbox 592 1260 716 1426">
     <span class='ocr_line' id='line_1_2' title="bbox 592 1260 716 1426; baseline 0 0"><span class='ocrx_word' id='word_1_3' title='bbox 592 1260 716 1426; x_wconf 60' lang='lat' dir='ltr'><strong>Q</strong></span> 
     </span>
    </p>
   </div>
   <div class='ocr_carea' id='block_1_3' title="bbox 556 1458 769 1524">
    <p class='ocr_par' dir='ltr' id='par_1_3' title="bbox 556 1458 769 1524">
     <span class='ocr_line' id='line_1_3' title="bbox 556 1458 769 1524; baseline 0.005 -2"><span class='ocrx_word' id='word_1_4' title='bbox 556 1458 627 1522; x_wconf 88' lang='lat' dir='ltr'><strong>His</strong></span> <span class='ocrx_word' id='word_1_5' title='bbox 660 1458 769 1524; x_wconf 87' lang='lat' dir='ltr'><strong>Love.</strong></span> 
     </span>
    </p>
   </div>
   <div class='ocr_carea' id='block_1_4' title="bbox 145 1621 1104 3418">
    <p class='ocr_par' dir='ltr' id='par_1_4' title="bbox 145 1621 1104 3418">
     <span class='ocr_line' id='line_1_4' title="bbox 215 1621 995 1699; baseline -0.001 -18"><span class='ocrx_word' id='word_1_6' title='bbox 215 1623 356 1682; x_wconf 71' lang='lat' dir='ltr'><strong>Osunma</strong></span> <span class='ocrx_word' id='word_1_7' title='bbox 375 1623 471 1699; x_wconf 84' lang='lat' dir='ltr'><strong>prima</strong></span> <span class='ocrx_word' id='word_1_8' title='bbox 490 1623 552 1680; x_wconf 88' lang='lat' dir='ltr'><strong>suis</strong></span> <span class='ocrx_word' id='word_1_9' title='bbox 571 1623 711 1680; x_wconf 90' lang='lat' dir='ltr'><strong>miserum</strong></span> <span class='ocrx_word' id='word_1_10' title='bbox 731 1642 778 1680; x_wconf 88' lang='lat' dir='ltr'><strong>mo</strong></span> <span class='ocrx_word' id='word_1_11' title='bbox 798 1621 877 1699; x_wconf 73' lang='lat' dir='ltr'><strong>cepio</strong></span> <span class='ocrx_word' id='word_1_12' title='bbox 896 1622 995 1680; x_wconf 77' lang='lat' dir='ltr'><strong>ocellis</strong></span> 
     </span>
     <span class='ocr_line' id='line_1_5' title="bbox 152 1701 1092 1792; baseline -0.001 -17"><span class='ocrx_word' id='word_1_13' title='bbox 152 1779 157 1789; x_wconf 67' lang='grc'><em>,</em></span> <span class='ocrx_word' id='word_1_14' title='bbox 252 1723 420 1775; x_wconf 74' lang='lat' dir='ltr'><strong>contactum</strong></span> <span class='ocrx_word' id='word_1_15' title='bbox 439 1716 530 1775; x_wconf 87' lang='lat' dir='ltr'><strong>nullis</strong></span> <span class='ocrx_word' id='word_1_16' title='bbox 549 1723 620 1775; x_wconf 70' lang='lat' dir='ltr'><strong>ante</strong></span> <span class='ocrx_word' id='word_1_17' title='bbox 639 1716 835 1792; x_wconf 77' lang='lat' dir='ltr'><strong>cupidinibus.</strong></span> <span class='ocrx_word' id='word_1_18' title='bbox 1088 1701 1092 1707; x_wconf 47' lang='grc'><strong>’</strong></span> 
     </span>
     <span class='ocr_line' id='line_1_6' title="bbox 212 1809 928 1892; baseline -0.001 -22"><span class='ocrx_word' id='word_1_19' title='bbox 212 1818 276 1870; x_wconf 74' lang='lat' dir='ltr'><strong>ium</strong></span> <span class='ocrx_word' id='word_1_20' title='bbox 297 1813 371 1869; x_wconf 89' lang='lat' dir='ltr'><strong>mihi</strong></span> <span class='ocrx_word' id='word_1_21' title='bbox 391 1813 554 1870; x_wconf 74' lang='lat' dir='ltr'><strong>constantis</strong></span> <span class='ocrx_word' id='word_1_22' title='bbox 574 1812 680 1869; x_wconf 79' lang='lat' dir='ltr'><strong>deiecit</strong></span> <span class='ocrx_word' id='word_1_23' title='bbox 699 1811 813 1868; x_wconf 86' lang='lat' dir='ltr'><strong>lumina</strong></span> <span class='ocrx_word' id='word_1_24' title='bbox 833 1809 928 1892; x_wconf 77' lang='lat' dir='ltr'><strong>fastds</strong></span> 
     </span>
     <span class='ocr_line' id='line_1_7' title="bbox 251 1896 948 1983; baseline -0.001 -19"><span class='ocrx_word' id='word_1_25' title='bbox 251 1913 283 1964; x_wconf 78' lang='lat' dir='ltr'><strong>ct</strong></span> <span class='ocrx_word' id='word_1_26' title='bbox 301 1913 391 1983; x_wconf 73' lang='lat' dir='ltr'><strong>caput</strong></span> <span class='ocrx_word' id='word_1_27' title='bbox 410 1896 556 1981; x_wconf 81' lang='lat' dir='ltr'><strong>impositis</strong></span> <span class='ocrx_word' id='word_1_28' title='bbox 575 1905 683 1982; x_wconf 73' lang='lat' dir='ltr'><strong>pressio</strong></span> <span class='ocrx_word' id='word_1_29' title='bbox 701 1905 797 1963; x_wconf 86' lang='lat' dir='ltr'><strong>Amor</strong></span> <span class='ocrx_word' id='word_1_30' title='bbox 817 1906 948 1981; x_wconf 88' lang='lat' dir='ltr'><strong>pedibus,</strong></span> 
     </span>
     <span class='ocr_line' id='line_1_8' title="bbox 212 2000 1103 2076; baseline -0.002 -17"><span class='ocrx_word' id='word_1_31' title='bbox 212 2002 304 2060; x_wconf 86' lang='lat' dir='ltr'><strong>donec</strong></span> <span class='ocrx_word' id='word_1_32' title='bbox 323 2021 370 2059; x_wconf 89' lang='lat' dir='ltr'><strong>ma</strong></span> <span class='ocrx_word' id='word_1_33' title='bbox 389 2002 490 2059; x_wconf 79' lang='lat' dir='ltr'><strong>docuit</strong></span> <span class='ocrx_word' id='word_1_34' title='bbox 509 2007 604 2058; x_wconf 82' lang='lat' dir='ltr'><strong>castas</strong></span> <span class='ocrx_word' id='word_1_35' title='bbox 624 2000 719 2057; x_wconf 88' lang='lat' dir='ltr'><strong>odisse</strong></span> <span class='ocrx_word' id='word_1_36' title='bbox 739 2000 853 2076; x_wconf 84' lang='lat' dir='ltr'><strong>puellas</strong></span> <span class='ocrx_word' id='word_1_37' title='bbox 1087 2017 1103 2075; x_wconf 84' lang='lat'><strong>5</strong></span> 
     </span>
     <span class='ocr_line' id='line_1_9' title="bbox 251 2096 824 2174; baseline 0.002 -20"><span class='ocrx_word' id='word_1_38' title='bbox 251 2097 402 2174; x_wconf 84' lang='lat' dir='ltr'><strong>improbus</strong></span> <span class='ocrx_word' id='word_1_39' title='bbox 421 2104 452 2155; x_wconf 75' lang='lat' dir='ltr'><strong>ei</strong></span> <span class='ocrx_word' id='word_1_40' title='bbox 471 2099 554 2156; x_wconf 89' lang='lat' dir='ltr'><strong>nullo</strong></span> <span class='ocrx_word' id='word_1_41' title='bbox 573 2098 676 2155; x_wconf 88' lang='lat' dir='ltr'><strong>uiuere</strong></span> <span class='ocrx_word' id='word_1_42' title='bbox 695 2096 824 2155; x_wconf 87' lang='lat' dir='ltr'><strong>consilio.</strong></span> 
     </span>
     <span class='ocr_line' id='line_1_10' title="bbox 212 2193 975 2267; baseline -0.001 -14"><span class='ocrx_word' id='word_1_43' title='bbox 212 2201 243 2253; x_wconf 75' lang='lat' dir='ltr'><strong>el</strong></span> <span class='ocrx_word' id='word_1_44' title='bbox 262 2195 336 2253; x_wconf 89' lang='lat' dir='ltr'><strong>mihi</strong></span> <span class='ocrx_word' id='word_1_45' title='bbox 355 2195 414 2252; x_wconf 90' lang='lat' dir='ltr'><strong>iam</strong></span> <span class='ocrx_word' id='word_1_46' title='bbox 434 2201 498 2253; x_wconf 73' lang='lat' dir='ltr'><strong>toto</strong></span> <span class='ocrx_word' id='word_1_47' title='bbox 518 2195 603 2253; x_wconf 86' lang='lat' dir='ltr'><strong>furor</strong></span> <span class='ocrx_word' id='word_1_48' title='bbox 620 2194 669 2252; x_wconf 93' lang='lat' dir='ltr'><strong>hic</strong></span> <span class='ocrx_word' id='word_1_49' title='bbox 688 2214 750 2252; x_wconf 90' lang='lat' dir='ltr'><strong>non</strong></span> <span class='ocrx_word' id='word_1_50' title='bbox 769 2193 869 2253; x_wconf 79' lang='lat' dir='ltr'><strong>deficit</strong></span> <span class='ocrx_word' id='word_1_51' title='bbox 888 2214 975 2267; x_wconf 89' lang='lat' dir='ltr'><strong>anno,</strong></span> 
     </span>
     <span class='ocr_line' id='line_1_11' title="bbox 252 2290 928 2367; baseline 0.003 -19"><span class='ocrx_word' id='word_1_52' title='bbox 252 2311 319 2348; x_wconf 89' lang='lat' dir='ltr'><strong>cum</strong></span> <span class='ocrx_word' id='word_1_53' title='bbox 338 2297 439 2348; x_wconf 75' lang='lat' dir='ltr'><strong>tamen</strong></span> <span class='ocrx_word' id='word_1_54' title='bbox 458 2291 597 2349; x_wconf 86' lang='lat' dir='ltr'><strong>aduersos</strong></span> <span class='ocrx_word' id='word_1_55' title='bbox 617 2310 704 2367; x_wconf 82' lang='lat' dir='ltr'><strong>cogor</strong></span> <span class='ocrx_word' id='word_1_56' title='bbox 722 2290 836 2350; x_wconf 85' lang='lat' dir='ltr'><strong>habero·</strong></span> <span class='ocrx_word' id='word_1_57' title='bbox 851 2291 928 2351; x_wconf 83' lang='lat' dir='ltr'><strong>deos</strong></span> 
     </span>
     <span class='ocr_line' id='line_1_12' title="bbox 212 2384 896 2462; baseline 0.001 -20"><span class='ocrx_word' id='word_1_58' title='bbox 212 2384 360 2442; x_wconf 78' lang='lat' dir='ltr'><strong>Milanion</strong></span> <span class='ocrx_word' id='word_1_59' title='bbox 379 2386 477 2443; x_wconf 84' lang='lat' dir='ltr'><strong>nullos</strong></span> <span class='ocrx_word' id='word_1_60' title='bbox 496 2385 645 2462; x_wconf 84' lang='lat' dir='ltr'><strong>fugiendo,</strong></span> <span class='ocrx_word' id='word_1_61' title='bbox 667 2385 760 2457; x_wconf 82' lang='lat' dir='ltr'><strong>Tulle,</strong></span> <span class='ocrx_word' id='word_1_62' title='bbox 781 2385 896 2443; x_wconf 87' lang='lat' dir='ltr'><strong>labores</strong></span> 
     </span>
     <span class='ocr_line' id='line_1_13' title="bbox 251 2480 1104 2540; baseline 0.002 -2"><span class='ocrx_word' id='word_1_63' title='bbox 251 2482 406 2538; x_wconf 77' lang='lat' dir='ltr'><strong>saeuitiam</strong></span> <span class='ocrx_word' id='word_1_64' title='bbox 427 2482 518 2538; x_wconf 87' lang='lat' dir='ltr'><strong>durae</strong></span> <span class='ocrx_word' id='word_1_65' title='bbox 537 2481 674 2538; x_wconf 74' lang='lat' dir='ltr'><strong>contudit</strong></span> <span class='ocrx_word' id='word_1_66' title='bbox 694 2480 816 2540; x_wconf 80' lang='lat' dir='ltr'><strong>Iasidos.</strong></span> <span class='ocrx_word' id='word_1_67' title='bbox 1069 2503 1104 2540; x_wconf 84' lang='lat'><strong>10</strong></span> 
     </span>
     <span class='ocr_line' id='line_1_14' title="bbox 212 2576 1010 2650; baseline 0.001 -16"><span class='ocrx_word' id='word_1_68' title='bbox 212 2598 281 2634; x_wconf 87' lang='lat' dir='ltr'><strong>nam</strong></span> <span class='ocrx_word' id='word_1_69' title='bbox 300 2577 387 2635; x_wconf 92' lang='lat' dir='ltr'><strong>modo</strong></span> <span class='ocrx_word' id='word_1_70' title='bbox 408 2576 577 2634; x_wconf 71' lang='lat' dir='ltr'><strong>Partheniis</strong></span> <span class='ocrx_word' id='word_1_71' title='bbox 596 2595 698 2634; x_wconf 88' lang='lat' dir='ltr'><strong>amens</strong></span> <span class='ocrx_word' id='word_1_72' title='bbox 717 2578 887 2639; x_wconf 73' lang='lat' dir='ltr'><strong>errabatin</strong></span> <span class='ocrx_word' id='word_1_73' title='bbox 907 2578 1010 2650; x_wconf 79' lang='lat' dir='ltr'><strong>antn‘s,</strong></span> 
     </span>
     <span class='ocr_line' id='line_1_15' title="bbox 252 2670 824 2746; baseline 0.002 -18"><span class='ocrx_word' id='word_1_74' title='bbox 252 2672 316 2728; x_wconf 78' lang='lat' dir='ltr'><strong>ibat</strong></span> <span class='ocrx_word' id='word_1_75' title='bbox 335 2678 366 2729; x_wconf 80' lang='lat' dir='ltr'><strong>ci</strong></span> <span class='ocrx_word' id='word_1_76' title='bbox 385 2672 515 2729; x_wconf 81' lang='lat' dir='ltr'><strong>hirsutas</strong></span> <span class='ocrx_word' id='word_1_77' title='bbox 534 2672 585 2729; x_wconf 88' lang='lat' dir='ltr'><strong>ille</strong></span> <span class='ocrx_word' id='word_1_78' title='bbox 605 2670 707 2729; x_wconf 86' lang='lat' dir='ltr'><strong>uidere</strong></span> <span class='ocrx_word' id='word_1_79' title='bbox 726 2671 805 2729; x_wconf 86' lang='lat' dir='ltr'><strong>ieras</strong></span> <span class='ocrx_word' id='word_1_80' title='bbox 815 2693 824 2746; x_wconf 90' lang='lat'>;</span> 
     </span>
     <span class='ocr_line' id='line_1_16' title="bbox 212 2769 913 2845; baseline 0 -19"><span class='ocrx_word' id='word_1_81' title='bbox 212 2769 263 2827; x_wconf 89' lang='lat' dir='ltr'><strong>ille</strong></span> <span class='ocrx_word' id='word_1_82' title='bbox 282 2770 370 2828; x_wconf 79' lang='lat' dir='ltr'><strong>etiam</strong></span> <span class='ocrx_word' id='word_1_83' title='bbox 392 2769 503 2845; x_wconf 83' lang='lat' dir='ltr'><strong>Hylaei</strong></span> <span class='ocrx_word' id='word_1_84' title='bbox 523 2788 677 2845; x_wconf 75' lang='lat' dir='ltr'><strong>percussus</strong></span> <span class='ocrx_word' id='word_1_85' title='bbox 696 2769 817 2826; x_wconf 87' lang='lat' dir='ltr'><strong>uolnere</strong></span> <span class='ocrx_word' id='word_1_86' title='bbox 837 2769 913 2826; x_wconf 89' lang='lat' dir='ltr'><strong>rami</strong></span> 
     </span>
     <span class='ocr_line' id='line_1_17' title="bbox 252 2864 935 2941; baseline 0.003 -21"><span class='ocrx_word' id='word_1_87' title='bbox 252 2865 367 2921; x_wconf 88' lang='lat' dir='ltr'><strong>saucius</strong></span> <span class='ocrx_word' id='word_1_88' title='bbox 387 2864 524 2922; x_wconf 74' lang='lat' dir='ltr'><strong>Arcadiis</strong></span> <span class='ocrx_word' id='word_1_89' title='bbox 544 2864 668 2940; x_wconf 83' lang='lat' dir='ltr'><strong>rupibus</strong></span> <span class='ocrx_word' id='word_1_90' title='bbox 687 2865 840 2941; x_wconf 72' lang='lat' dir='ltr'><strong>ingemuia</strong></span> <span class='ocrx_word' id='word_1_91' title='bbox 904 2921 907 2925; x_wconf 77' lang='grc'>,</span> <span class='ocrx_word' id='word_1_92' title='bbox 933 2885 935 2890; x_wconf 95' lang='grc'><strong><em>·</em></strong></span> 
     </span>
     <span class='ocr_line' id='line_1_18' title="bbox 214 2961 1101 3040; baseline 0.002 -22"><span class='ocrx_word' id='word_1_93' title='bbox 214 2980 281 3035; x_wconf 79' lang='lat' dir='ltr'><strong>ergo</strong></span> <span class='ocrx_word' id='word_1_94' title='bbox 300 2961 430 3019; x_wconf 80' lang='lat' dir='ltr'><strong>uclocem</strong></span> <span class='ocrx_word' id='word_1_95' title='bbox 449 2961 549 3037; x_wconf 71' lang='lat' dir='ltr'><strong>potuit</strong></span> <span class='ocrx_word' id='word_1_96' title='bbox 568 2961 716 3019; x_wconf 82' lang='lat' dir='ltr'><strong>domuisse</strong></span> <span class='ocrx_word' id='word_1_97' title='bbox 735 2961 882 3037; x_wconf 72' lang='lat' dir='ltr'><strong>puellam:</strong></span> <span class='ocrx_word' id='word_1_98' title='bbox 1036 3008 1038 3011; x_wconf 22' lang='lat' dir='ltr'>v</span> <span class='ocrx_word' id='word_1_99' title='bbox 1068 2981 1101 3040; x_wconf 84' lang='lat'><strong>15</strong></span> 
     </span>
     <span class='ocr_line' id='line_1_19' title="bbox 145 3042 1104 3134; baseline 0.002 -21"><span class='ocrx_word' id='word_1_100' title='bbox 145 3042 149 3049; x_wconf 63' lang='grc'>’</span> <span class='ocrx_word' id='word_1_101' title='bbox 252 3063 370 3114; x_wconf 76' lang='lat' dir='ltr'><strong>tantum</strong></span> <span class='ocrx_word' id='word_1_102' title='bbox 389 3059 422 3114; x_wconf 90' lang='lat' dir='ltr'><strong>in</strong></span> <span class='ocrx_word' id='word_1_103' title='bbox 441 3077 540 3116; x_wconf 88' lang='lat' dir='ltr'><strong>amore</strong></span> <span class='ocrx_word' id='word_1_104' title='bbox 560 3077 660 3134; x_wconf 86' lang='lat' dir='ltr'><strong>preces</strong></span> <span class='ocrx_word' id='word_1_105' title='bbox 679 3062 711 3115; x_wconf 75' lang='lat' dir='ltr'><strong>el</strong></span> <span class='ocrx_word' id='word_1_106' title='bbox 729 3058 804 3115; x_wconf 88' lang='lat' dir='ltr'><strong>bene</strong></span> <span class='ocrx_word' id='word_1_107' title='bbox 824 3057 904 3114; x_wconf 81' lang='lat' dir='ltr'><strong>iacta</strong></span> <span class='ocrx_word' id='word_1_108' title='bbox 923 3057 1032 3116; x_wconf 82' lang='lat' dir='ltr'><strong>ualent.</strong></span> <span class='ocrx_word' id='word_1_109' title='bbox 1099 3047 1104 3055; x_wconf 53' lang='lat'>⁵</span> 
     </span>
     <span class='ocr_line' id='line_1_20' title="bbox 213 3153 1043 3235; baseline -0.005 -21"><span class='ocrx_word' id='word_1_110' title='bbox 213 3157 247 3214; x_wconf 92' lang='lat' dir='ltr'><strong>in</strong></span> <span class='ocrx_word' id='word_1_111' title='bbox 265 3176 312 3213; x_wconf 89' lang='lat' dir='ltr'><strong>me</strong></span> <span class='ocrx_word' id='word_1_112' title='bbox 330 3156 433 3213; x_wconf 81' lang='lat' dir='ltr'><strong>tardus</strong></span> <span class='ocrx_word' id='word_1_113' title='bbox 453 3157 550 3212; x_wconf 82' lang='lat' dir='ltr'><strong>Amor</strong></span> <span class='ocrx_word' id='word_1_114' title='bbox 569 3173 631 3211; x_wconf 88' lang='lat' dir='ltr'><strong>non</strong></span> <span class='ocrx_word' id='word_1_115' title='bbox 650 3154 727 3210; x_wconf 84' lang='lat' dir='ltr'><strong>ullas</strong></span> <span class='ocrx_word' id='word_1_116' title='bbox 746 3153 857 3228; x_wconf 72' lang='lat' dir='ltr'><strong>cogitat</strong></span> <span class='ocrx_word' id='word_1_117' title='bbox 876 3159 956 3211; x_wconf 84' lang='lat' dir='ltr'><strong>artes</strong></span> <span class='ocrx_word' id='word_1_118' title='bbox 1041 3231 1043 3235; x_wconf 18' lang='grc' dir='ltr'>Ι</span> 
     </span>
     <span class='ocr_line' id='line_1_21' title="bbox 252 3238 898 3324; baseline -0.002 -17"><span class='ocrx_word' id='word_1_119' title='bbox 252 3271 305 3307; x_wconf 88' lang='lat' dir='ltr'><strong>nec</strong></span> <span class='ocrx_word' id='word_1_120' title='bbox 324 3250 459 3307; x_wconf 75' lang='lat' dir='ltr'><strong>meminit</strong></span> <span class='ocrx_word' id='word_1_121' title='bbox 478 3238 572 3321; x_wconf 75' lang='lat' dir='ltr'><strong>notas,</strong></span> <span class='ocrx_word' id='word_1_122' title='bbox 595 3252 631 3305; x_wconf 76' lang='lat' dir='ltr'><strong>ul</strong></span> <span class='ocrx_word' id='word_1_123' title='bbox 650 3248 740 3324; x_wconf 88' lang='lat' dir='ltr'><strong>prius,</strong></span> <span class='ocrx_word' id='word_1_124' title='bbox 761 3248 806 3305; x_wconf 84' lang='lat' dir='ltr'><strong>ire</strong></span> <span class='ocrx_word' id='word_1_125' title='bbox 826 3246 898 3306; x_wconf 81' lang='lat' dir='ltr'><strong>uias.</strong></span> 
     </span>
     <span class='ocr_line' id='line_1_22' title="bbox 292 3358 1021 3418; baseline 0 -3"><span class='ocrx_word' id='word_1_126' title='bbox 292 3377 316 3415; x_wconf 79' lang='lat' dir='ltr'><strong>n.</strong></span> <span class='ocrx_word' id='word_1_127' title='bbox 333 3376 358 3418; x_wconf 81' lang='lat' dir='ltr'><strong>n.</strong></span> <span class='ocrx_word' id='word_1_128' title='bbox 1007 3358 1021 3415; x_wconf 97' lang='lat' dir='ltr'><strong>l</strong></span> 
     </span>
    </p>
   </div>
   <div class='ocr_carea' id='block_1_5' title="bbox 0 0 1234 3884">
    <p class='ocr_par' dir='ltr' id='par_1_5' title="bbox 0 0 1234 3884">
     <span class='ocr_line' id='line_1_23' title="bbox 0 0 1234 3884; baseline 0 0"><span class='ocrx_word' id='word_1_129' title='bbox 0 0 1234 3884; x_wconf 95' lang='lat' dir='ltr'><strong> </strong></span> 
     </span>
    </p>
   </div>
  </div>
 </body>
</html>
