2460 3884
179 349 215 407 12
517 350 732 411 PROPERTI

177 476 343 553 prolapsum
363 476 469 534 leuiter
487 476 570 534 facili
589 483 707 535 traxere
726 477 859 555 liquore:

215 578 280 629 tum
300 573 429 630 sonitum
449 577 534 649 rapto
554 591 672 649 corpere
691 572 764 630 feeit
783 573 889 650 Hyles.

176 667 224 725 eui
243 669 345 744 procul
362 669 484 726 Alcides
503 668 594 727 iterat
613 687 768 745 response:
789 668 840 726 sed
859 669 906 726 illi

215 781 321 821 nomen
342 765 379 821 ab
398 765 539 822 extremis
558 765 689 823 fontibus
708 784 782 822 aura
800 766 900 825 refert.
1031 786 1070 844 50

176 857 232 932 his,
252 877 270 915 ο
290 858 383 931 Galle,
404 865 472 918 tuos
492 861 622 918 monitus
641 862 772 919 seruabis
792 880 913 934 amores,

216 955 375 1014 formosum
395 956 544 1034 Nymphis
563 957 679 1016 eredere
698 964 783 1016 tutus
802 958 924 1035 Hylam.

439 1084 441 1089 '
555 1084 587 1133 52
602 1086 680 1136 uisur-

558 1271 685 1338 Lxxi

337 1401 414 1466 The
435 1402 550 1488 dying
570 1403 687 1467 words
709 1404 749 1468 of
768 1405 906 1471 Gallus

177 1534 222 1590 Tu
242 1534 294 1610 qui
313 1539 476 1592 consortem
496 1552 635 1610 properas
654 1532 778 1592 euadere
798 1553 906 1607 essum,

217 1629 309 1701 miles,
331 1630 368 1687 ab
388 1629 657 1689 Etruscisseueius
676 1631 840 1708 aggeribus,

177 1731 228 1807 qui
248 1735 348 1787 nostro
367 1729 480 1805 gemitu
499 1729 649 1805 turgentia
668 1729 782 1786 luminu
801 1735 927 1806 torques,

216 1846 283 1904 pars
303 1846 356 1903 ego
375 1845 441 1884 sum
460 1832 576 1883 uestrae
594 1825 729 1902 proxime
748 1824 881 1885 militiae.

177 1925 219 1982 sie
237 1931 268 1982 te
288 1929 404 1981 seruato
423 1927 459 1980 ut
477 1922 592 1998 possint
610 1922 737 1998 gaudere
756 1928 900 1998 parentes,
1052 1941 1067 1998 5

217 2040 270 2079 nee
289 2039 370 2078 soror
389 2025 455 2077 sets
474 2019 535 2077 tuis
554 2014 664 2077 sentiat
683 2038 700 2078 e
719 2019 865 2078 lacrimis:

178 2117 297 2175 Gallum
316 2137 370 2194 per
388 2115 499 2174 medios
519 2122 653 2194 ereptum
674 2115 806 2174 Caesaris
826 2135 909 2174 enses

217 2214 343 2291 effugere
362 2213 476 2290 ignotas
497 2233 557 2271 non
577 2214 707 2290 potuisse
726 2232 849 2271 munus:

45 2305 49 2313 ⁸
137 2329 144 2347 ·
177 2320 208 2371 et
227 2312 402 2389 quicumque
421 2330 509 2387 super
528 2311 657 2388 dispersa
677 2310 826 2367 inuenerit
846 2328 912 2367 essu

217 2411 365 2467 montibus
385 2409 524 2481 Etruscis,
546 2409 618 2467 hese
637 2410 712 2467 sciat
731 2427 793 2466 esse
813 2426 885 2465 meu.
1034 2426 1068 2464 10

524 2535 539 2585 9
555 2548 727 2597 quaecumque.

555 2735 580 2799 I.
624 2734 692 2798 xxii

391 2867 467 2930 The
489 2867 611 2933 Poet’s
632 2867 853 2954 birthplaee.

180 3006 282 3077 Qualis
301 3011 333 3063 et
351 3004 430 3062 unde
449 3024 548 3081 genus,
566 3006 618 3082 qui
637 3005 699 3064 siut
717 3005 800 3078 mihi,
819 3005 912 3079 Tulle,
932 3005 1067 3080 Penates,

219 3102 334 3179 quaeris
353 3120 406 3178 pro
426 3109 526 3159 nostra
545 3121 660 3178 semper
678 3103 815 3162 amicitis

169 3201 205 3259 si
225 3199 368 3257 Perusina
387 3197 444 3254 tibi
463 3197 576 3274 patriae
595 3205 667 3256 sunt
686 3205 757 3258 note
776 3200 914 3275 sepulcra,

220 3296 324 3354 Italiae
344 3295 427 3352 duris
446 3294 550 3353 funere.
568 3297 756 3372 temporibus,
