2460 3884
137 361 179 418 28·
479 361 695 422 Prorsus!

518 615 577 680 lv,
621 615 665 680 ix*
721 599 825 670 'luia

447 762 498 826 Το
520 761 728 828 Maecenas.

138 912 303 982 Maecenas,
322 927 411 986 aquea
432 909 557 969 Etrusco
574 910 611 968 da
628 911 771 987 sanguine
791 930 902 988 regum,

178 1009 258 1067 intra
277 1008 427 1064 fortunam
447 1006 500 1085 qui
520 1006 602 1083 cupis
622 1024 684 1064 ease
704 1012 795 1080 tuam,

140 1103 211 1181 quid
230 1122 278 1162 me
295 1103 442 1161 acribendi
460 1111 522 1160 tam
540 1108 658 1160 uastum
677 1101 773 1161 mitris
790 1102 823 1160 in
841 1105 969 1182 aequori

179 1218 241 1258 non
259 1203 331 1258 aunt
349 1203 419 1275 apta
437 1216 519 1256 meae
535 1197 660 1272 grandia
681 1196 748 1255 uela
768 1198 835 1257 rati.

113 1300 255 1376 ‘turpari
273 1293 352 1370 quod
372 1311 500 1369 nequeas
519 1292 610 1371 capiti
630 1294 813 1351 committere
832 1293 947 1371 pondua
1019 1312 1034 1372 5

179 1397 210 1450 ec
229 1410 360 1468 pressum
380 1390 490 1448 inflexo
509 1408 580 1448 mcx
599 1389 668 1448 dare
688 1395 771 1467 terga
790 1409 875 1468 genu.

140 1487 239 1547 omnia
257 1506 319 1547 non
337 1488 448 1566 pariter
467 1506 566 1545 rerum
586 1492 657 1546 aunt
676 1488 813 1546 omnibus
831 1493 916 1565 apia3

180 1586 259 1644 fama
277 1603 331 1643 nec
350 1604 389 1644 ex
408 1602 502 1662 aequo
521 1584 641 1644 ducitur
660 1583 723 1642 ulla
741 1585 819 1661 iugo.

64 1682 67 1689 '
139 1681 233 1758 gloria
252 1675 409 1759 Lysippost
429 1682 560 1739 animose
579 1682 714 1758 effingere
734 1682 817 1758 aigne
827 1700 836 1754 ;

121 1842 123 1846 ,
179 1777 292 1836 exactis
312 1776 437 1835 Calamis
456 1796 488 1836 ae
507 1777 582 1835 milri
601 1780 693 1836 iactat
712 1780 793 1856 equis
803 1798 813 1852 3
887 1786 888 1789 ’
1002 1799 1037 1837 10

140 1872 172 1929 in
192 1871 319 1930 Veneris
338 1873 440 1930 tabula
459 1891 604 1931 summam
624 1872 683 1931 sibi
700 1875 786 1951 ponit
807 1874 949 1951 Apelles3

180 1966 355 2024 Parrhasias
374 1985 467 2042 parua
487 1968 619 2025 uindicat
638 1975 702 2026 arte
722 1969 834 2041 locum3

140 2068 313 2138 argumenta
332 2063 426 2137 magis
444 2069 516 2120 sunt
537 2063 684 2121 Mentoris
705 2064 807 2120 addita
827 2065 940 2123 formae
949 2089 958 2140 3

179 2166 211 2214 ac
231 2157 318 2233 Myos
337 2160 477 2234 exiguum
497 2160 591 2217 flectit
612 2159 757 2217 acanthus
777 2160 836 2218 iter
847 2182 857 2233 3

140 2250 298 2309 Phidiacus
318 2252 400 2328 signo
420 2271 451 2310 ae
472 2253 608 2330 Iuppiter
628 2260 714 2313 ornat
734 2257 864 2330 eburno;
1001 2274 1033 2332 15

179 2347 358 2406 Praxitelem
379 2349 497 2426 propria
518 2351 651 2409 uindicat
670 2353 744 2410 urbe
764 2352 847 2429 lapis.

52 2509 54 2511 ,
139 2449 184 2500 eat
203 2443 311 2520 quibus
332 2443 420 2502 Eleae
440 2446 588 2505 concurrit
608 2447 706 2524 palma
726 2448 885 2525 quadrigae
895 2469 904 2521 3

179 2549 223 2598 est
242 2542 350 2619 quibua
369 2542 402 2598 in
422 2543 529 2601 celeres
548 2545 641 2621 gloria
661 2551 732 2602 nala
752 2546 856 2621 pedcs;

138 2638 185 2694 hic
205 2644 287 2696 satus
307 2638 344 2696 ad
363 2657 482 2715 pacem3
502 2639 550 2697 hic
570 2641 767 2698 castrensibus
787 2641 871 2700 utilis
891 2643 998 2700 armis:

178 2740 301 2790 naturae
321 2735 454 2809 sequitur
473 2736 586 2792 semina
605 2736 728 2813 quisque
748 2756 825 2796 suae.
998 2760 1034 2795 20

138 2839 170 2888 ac
190 2838 251 2914 tua,
272 2831 437 2908 Maecenas,
458 2832 541 2890 uitae
560 2839 714 2911 praecepta
732 2835 836 2912 recepi,

178 2946 265 3003 cogor
284 2932 315 2984 ec
334 2929 477 3004 exemplis
499 2941 529 2987 te
549 2948 686 3006 superare
705 2931 774 2992 tuis.

137 3045 205 3084 curn
224 3024 282 3082 cibi
301 3016 436 3084 Romano
455 3027 586 3085 dominas
606 3027 639 3085 in
658 3027 768 3087 honore
787 3048 901 3087 accures

177 3131 208 3180 et
227 3122 316 3180 liceat
335 3123 432 3181 medio
452 3143 560 3200 ponere
579 3125 645 3183 iura
665 3127 735 3201 soro,

137 3218 186 3277 uel
205 3218 263 3275 tibi
281 3218 437 3276 Medorum
458 3239 603 3296 pugnaces
623 3224 667 3280 ire
687 3243 739 3299 per
758 3223 858 3282 hastas
997 3246 1011 3282 2
1016 3242 1031 3300 5

177 3320 266 3390 acque
287 3333 406 3371 onerare
426 3320 509 3371 tuam
530 3316 590 3373 fixa
609 3336 662 3394 per
681 3336 763 3375 arma
783 3318 911 3388 domum,
