2460 3884
545 329 675 389 LIBER
701 328 757 390 11⁷.
815 392 816 395 Ἴ
1061 327 1097 385 31

206 460 354 520 Attalicas
374 478 479 535 supera
497 465 604 533 uestes,
624 465 714 534 atquc
734 458 834 515 omnia
853 456 968 534 maguis
1073 493 1075 498 -

245 572 376 630 gemmea
395 553 457 610 sint
477 552 573 612 ludia:
593 552 712 628 ignibus
730 551 789 610 iata
808 551 903 611 dabie.
1063 570 1099 608 20

207 649 258 706 sed
277 654 376 704 tamen
397 647 454 704 huc
474 665 584 718 omnes,
605 646 662 703 huc
682 645 795 723 primus
814 652 846 706 ct
865 645 992 704 ultimus
1012 646 1100 705 oudo:

244 749 290 802 eat
309 743 387 800 mala
406 744 457 801 aed
477 744 591 801 cunctis
609 742 669 801 iata
687 743 809 802 terenda
828 743 915 806 uiaat.

205 840 351 898 exoranda
370 839 450 898 cauis
470 839 530 896 tria
548 845 619 898 sunt
638 839 779 898 latrantia
798 841 881 914 oolla,

244 935 438 994 scandendast
457 934 537 992 torui
556 933 672 1010 publica
691 937 796 994 cumba
814 937 898 995 senis.

205 1029 255 1088 illa
275 1030 345 1088 licet
363 1030 441 1087 ferro
461 1035 564 1086 cautus
583 1048 615 1086 ae
634 1030 742 1089 condat
761 1036 792 1089 et
811 1050 886 1104 aere,
1063 1051 1077 1089 2
1082 1048 1097 1108 5
1186 1101 1188 1104 ¹

246 1145 324 1184 mora
344 1133 444 1184 tamon
463 1124 609 1185 inclusum
629 1127 775 1205 protrahit
794 1128 864 1187 inde
883 1133 978 1206 caput

204 1223 298 1281 Nirea
317 1244 378 1293 nou
396 1223 493 1296 iacies,
515 1243 576 1281 nou
595 1224 642 1282 uia
662 1224 773 1283 exemit
791 1223 949 1297 Achillam,

247 1320 390 1376 Croesum
411 1324 472 1391 aut,
495 1318 609 1376 Pactoli
629 1339 702 1395 quas
722 1319 913 1395 pariturum,
935 1338 1032 1398 opos,⁸

203 1415 252 1473 hic
272 1415 342 1473 olim
361 1414 478 1491 ignaros
498 1414 596 1473 luctus
614 1414 770 1492 populauit
789 1415 932 1494 Achiuos,

242 1513 368 1572 Atridae
387 1532 495 1590 magno
514 1533 582 1571 oum
601 1513 687 1571 stetit
706 1513 782 1571 alter
801 1531 891 1574 amor.
1062 1531 1099 1586 30

203 1615 235 1691 at
254 1609 310 1667 tibi
329 1615 422 1667 nauta
441 1610 506 1686 pias
525 1609 677 1667 hominum
698 1609 751 1687 qui
771 1609 871 1667 traicit
890 1609 1016 1683 umbras,

242 1705 299 1762 huc
319 1706 434 1762 animae
454 1711 553 1780 portet
572 1724 678 1780 corpus
697 1706 788 1763 inane
808 1709 887 1778 tuae,

204 1821 262 1876 qua
282 1801 398 1858 Siculae
418 1801 515 1858 uictor
534 1802 650 1858 telluris
671 1801 812 1859 Olaudiua
831 1807 863 1859 et
882 1821 941 1876 qua

243 1894 349 1950 Cacsar
368 1895 405 1951 ab
426 1896 555 1952 humana
574 1897 660 1954 ceaait
679 1898 712 1954 in
731 1903 812 1954 astra
831 1898 888 1954 uia

330 2052 373 2102 IV.
388 2066 450 2102 xv11.
467 2053 498 2102 Is.
510 2053 611 2102 Miillor.
821 2053 852 2102 al
871 2054 968 2102 troicis.

572 2135 604 2182 82
616 2140 725 2198 portent.

557 2456 614 2521 Ν.
657 2455 738 2520 nur
815 2419 868 2493 ἹΗῙ
894 2432 938 2488 ²2³

475 2611 552 2676 Tha
573 2610 649 2676 lost
670 2611 818 2676 tablcta
911 2697 914 2703 .

204 2768 280 2843 Ergo
300 2772 362 2824 tam
382 2767 484 2826 doctae
504 2767 590 2825 nobie
609 2766 721 2845 periere
741 2765 874 2842 tabellae,

241 2864 349 2940 scripta
369 2865 474 2940 quibua
494 2864 604 2941 pariter
623 2869 670 2922 tot
689 2863 800 2941 periere
819 2862 904 2928 bona.

201 2961 255 3018 has
274 2961 421 3036 quondam
442 2961 550 3019 uostris
569 2960 706 3019 manibus
726 2960 888 3018 detriuorat
908 2977 987 3034 uuus,

241 3052 372 3128 quinon
392 3054 521 3130 signatae
541 3053 629 3111 iussit
646 3052 754 3110 habere
774 3052 870 3110 fldem.

201 3150 270 3206 illac
289 3149 349 3206 iam
369 3149 432 3207 aine
452 3170 499 3208 me
519 3154 626 3207 norant
646 3149 760 3224 placare
779 3148 892 3224 puellas
1073 3161 1091 3223 5

240 3237 272 3301 et
290 3246 433 3320 quaedam
453 3247 517 3303 sine
537 3264 584 3302 mo
603 3245 694 3302 uerba
713 3243 824 3302 diserta
842 3243 931 3319 loqui.
