2460 3884
544 367 677 426 LIBER
702 367 730 426 I.
1031 369 1082 429 '11

194 521 320 579 namque
339 501 439 558 ferunt
458 499 529 557 olim
549 497 679 574 Pagasae
698 495 855 555 naualibus
873 497 978 575 Argon

234 617 377 676 egressam
396 596 482 670 longe
502 594 645 652 Phasidos
664 594 722 652 isse
741 593 830 665 uiam,

194 702 225 754 et
243 696 303 752 iam
322 693 489 771 praeteritis
508 691 657 749 labentem
677 689 908 750 Athamantidos
928 693 1025 751 undis·

233 792 388 867 Mysorum
408 786 533 865 scopulis
552 787 725 864 adplicuisse
744 792 845 846 ratem.
1018 811 1020 816 ·
1048 809 1084 846 20

193 887 241 946 hic
261 904 365 944 manus
384 885 514 955 heroum,
536 883 659 959 placidis
678 888 715 940 ut
733 882 868 941 constitit
887 883 953 957 oris,

232 983 333 1040 mollia
352 980 511 1057 composita
531 980 620 1037 litora
639 979 744 1037 fronde
763 980 852 1056 tegit:

192 1084 225 1136 at
244 1097 339 1136 eomes
358 1077 464 1135 inuicti
484 1062 601 1133 iuuenis
620 1082 800 1152 processerat
819 1077 899 1134 ultra

232 1192 328 1229 raram
348 1172 470 1248 sepositi
489 1191 628 1247 quaerere
647 1171 740 1228 fontis
760 1190 873 1246 aquam.

192 1269 270 1324 hunc
291 1268 349 1325 duo
369 1268 474 1325 sectati
493 1269 607 1338 fratres,
628 1266 791 1343 Aquilonia
810 1269 912 1343 proles,
1047 1287 1082 1345 25

231 1363 311 1421 hunc
330 1382 417 1439 super
437 1369 468 1420 et
488 1362 574 1419 Zetes
594 1361 672 1418 hunc
692 1381 780 1437 super
799 1368 830 1420 et
850 1363 955 1436 Calais,

191 1452 289 1517 oscula
308 1441 455 1535 suspensis
474 1458 626 1514 instabant
646 1476 763 1533 carpam
782 1456 896 1534 palmis,

230 1557 328 1614 oscula
347 1561 379 1614 et
398 1556 511 1613 alterna
530 1557 607 1613 ferre
626 1555 731 1631 supina
750 1555 827 1633 suga.

188 1654 239 1713 ille
259 1655 313 1713 sub
334 1660 466 1713 extrema
485 1654 615 1730 pendens
634 1654 795 1712 secluditur
814 1654 862 1712 ala

228 1757 259 1809 et
278 1751 412 1809 uolucres
432 1770 513 1808 ramo
534 1751 688 1810 submonet
707 1751 856 1809 insidias·
1044 1771 1082 1827 30

187 1849 247 1907 iarn
269 1850 451 1908 Pandioniae
471 1849 558 1907 cessit
577 1869 670 1926 genus
691 1849 863 1927 Orithyiae:

227 1948 264 2003 a!
286 1946 377 2017 dolor,
397 1945 461 2005 ibat
481 1946 587 2021 Hylas,
608 1945 672 2004 ibat
692 1946 919 2022 Hamadryasin.

186 2044 235 2104 hic
254 2051 318 2104 erat
337 2044 488 2122 Arganthi
507 2044 585 2122 Pege
605 2045 661 2103 sub
680 2043 791 2104 uertice
809 2045 928 2117 montis,

116 2178 119 2182 μ
225 2148 309 2220 grata
329 2143 433 2201 domus
453 2142 601 2219 Nymphis
620 2142 723 2200 umida
741 2140 903 2218 Thyniasin
912 2161 921 2214 ;
1006 2151 1008 2154 '

186 2261 275 2316 quam
295 2261 384 2319 supra
403 2240 504 2299 nullae
523 2240 691 2316 pendebant
710 2240 810 2298 debita
830 2259 916 2297 curae
1042 2258 1078 2316 35

225 2339 339 2396 roseida
359 2339 481 2398 desertis
500 2358 588 2415 poma
607 2338 662 2396 sub
682 2337 844 2410 arboribus,

185 2438 216 2491 ct
236 2434 345 2492 circum
364 2436 475 2511 irriguo
496 2436 656 2511 surgebant
676 2435 741 2493 lilia
754 2443 845 2512 prato
871 2501 874 2511 1

224 2531 348 2587 candida
367 2531 522 2607 purpureis
541 2531 637 2588 mixta
656 2531 868 2608 papaueribus:

184 2645 259 2700 quae
278 2626 364 2683 modo
385 2627 540 2703 decerpens
558 2632 660 2685 tenero
679 2627 833 2703 pueriliter
852 2627 945 2702 ungui

182 2766 184 2770 .
222 2721 370 2796 proposito
389 2722 491 2778 florem
511 2722 653 2796 praetulit
673 2722 774 2793 officio,
1038 2739 1075 2792 40

182 2823 213 2873 et
232 2818 318 2875 modo
338 2819 470 2876 formosis
490 2819 662 2877 incumbens
681 2818 797 2876 nescius
816 2818 904 2874 undis
991 2882 993 2887 ¹

222 2932 349 2969 errorem
368 2914 484 2972 blanca
503 2899 603 2975 arsa
621 2913 824 2989 imaginibus..

182 3007 302 3064 tandem
321 3006 439 3066 haurire
459 3014 544 3086 parat
563 3009 695 3068 demissis
714 3008 838 3066 flumina
856 3007 962 3084 palmis
982 3049 997 3064 2
1042 3071 1043 3074 Ἰ
1100 3038 1103 3042 ’

221 3103 343 3160 innixus
362 3105 466 3162 dextro
486 3105 574 3180 plena
584 3105 714 3162 'trahens
733 3121 842 3161 umero.

180 3200 264 3256 cuius
284 3207 319 3257 ut
338 3204 473 3260 accensae
493 3202 627 3278 Dryades
646 3201 772 3260 candore
791 3200 905 3278 puellae
1034 3219 1071 3277 45

220 3298 342 3356 miratae
363 3300 463 3357 solitos
475 3298 643 3358 destituere
663 3297 773 3370 choros,
