2460 3884
534 365 663 425 LIBER
694 365 720 425 V

183 500 289 557 insitor
305 500 354 557 hic
370 499 461 557 eoluib
477 517 596 574 pomosa
614 504 685 555 uon
700 514 814 568 corona,

223 615 288 652 cum
307 595 389 672 pirus
408 594 504 651 inuito
520 593 622 669 stipite
640 593 718 650 mala
735 583 817 650 buliu

183 693 310 750 mendax
327 693 405 749 sama
422 711 520 752 nuces:
540 692 617 749 alius
634 690 709 748 mihi
726 687 853 747 nominis
868 687 976 746 index:

211 773 215 855 i
224 790 260 847 de
279 809 310 846 se
326 789 460 846 narranti
475 795 509 846 tu
526 788 612 846 modo
633 787 717 846 crede
736 787 813 846 deo.i
1038 803 1074 842 20

184 903 348 961 opportuna
365 892 458 943 meast
476 885 589 944 cunctIs
609 891 717 942 natura
736 884 859 959 figuris:

225 983 256 1038 in
273 1001 484 1057 quamcumque
504 982 585 1038 uoles
603 987 695 1052 truria,
716 980 837 1037 decorus
855 997 914 1037 ero.

185 1076 274 1134 indue
292 1096 338 1134 me
355 1077 431 1142 Cois,
451 1077 518 1133 fiam
539 1095 599 1133 non
617 1062 701 1132 dura’
709 1074 828 1150 puella:

224 1192 329 1247 meque
353 1173 451 1228 uirum
470 1177 588 1246 sumpta
606 1171 672 1246 quis
687 1175 775 1245 neget
793 1187 854 1226 esse
874 1173 942 1242 toga
954 1140 989 1225 ii

185 1265 223 1321 da
236 1266 339 1321 falcem
353 1271 384 1322 ei
397 1270 474 1322 torio
488 1267 615 1337 frontem
628 1263 702 1320 mihi
715 1263 872 1339 comprime
886 1262 980 1334 faeno,
1039 1279 1053 1318 2
1057 1277 1072 1336 5

225 1360 336 1418 iurabis
356 1365 458 1419 nostra
475 1361 607 1436 gramina
625 1366 704 1419 secta
722 1380 820 1418 manu.

186 1477 267 1515 arma
283 1457 341 1515 buli
359 1459 506 1534 quondam
524 1463 561 1532 eb,
583 1457 713 1530 memini,
734 1458 876 1516 laudabar
890 1455 924 1514 in
943 1456 1020 1518 illis:

178 1607 185 1619 ,
213 1549 319 1613 'corbis
334 1555 366 1612 in
384 1548 531 1632 imposito*
542 1556 670 1632 pondere
688 1574 798 1613 messor
815 1574 902 1615 aram.

185 1653 298 1712 sobrius
314 1654 351 1712 ad
369 1653 452 1715 lites:
474 1660 507 1712 at
523 1660 619 1712 cumsi
633 1654 761 1731 imposta
777 1673 890 1728 corona,

226 1750 363 1807 clamabis
380 1750 470 1826 capiti
488 1751 560 1807 uina
576 1750 688 1808 subisse
704 1769 777 1809 meo.
1037 1766 1075 1824 30

186 1849 269 1923 cinge
287 1854 377 1923 caput
394 1848 493 1919 mitra,
512 1847 639 1923 speciem
656 1846 777 1904 furabor
796 1846 916 1905 Iacchi:

225 1944 344 2001 furabor
362 1944 474 2001 Phoebi
493 1944 623 2002 simodo
642 1944 754 2021 plectra
773 1943 864 2002 dabis.

186 2031 477 2116 cassibus'impcsitis
495 2058 607 2097 uenor:
628 2039 679 2096 aed
694 2038 860 2097 harundine
878 2044 995 2115 sumptu

225 2136 325 2193 ianitor
345 2134 477 2211 plumoso
497 2155 562 2194 sum
580 2137 652 2193 deus
670 2135 803 2213 aucupio,

186 2240 231 2290 esi
249 2234 338 2290 etiam
354 2233 472 2308 aurigae
491 2233 600 2309 specics
618 2240 801 2304 ueriumnua
820 2239 851 2290 ct
869 2231 948 2290 aius'
1038 2248 1074 2308 35
1141 2263 1143 2268 ·

226 2329 325 2385 traicit
344 2329 456 2385 alterno
476 2331 528 2403 qui
548 2329 613 2384 leuc
630 2328 744 2404 pondus
764 2347 847 2404 aquo.

185 2429 323 2499 suppetat
340 2424 402 2493 hoc,
424 2424 515 2499 pisces
532 2423 643 2480 calamo
661 2424 839 2499 praedabor:
860 2429 890 2481 eb
909 2422 959 2480 ibo

225 2518 352 2574 mundus
370 2518 502 2576 demissis
517 2518 637 2575 institor
652 2519 685 2575 in
700 2518 816 2578 tunicis.

185 2617 283 2687 pastor
302 2631 349 2669 me
368 2612 406 2668 ad
422 2612 557 2669 baculum
575 2632 692 2688 possum
710 2633 852 2672 curuare:
874 2614 922 2670 uel
942 2613 1020 2671 idem

224 2707 370 2783 sirpiculis
390 2708 485 2764 medio
504 2708 625 2783 puluere
645 2700 723 2765 ferre
740 2727 842 2766 rosam.
1035 2728 1074 2780 40

186 2821 255 2858 nam
274 2803 345 2876 quid
364 2821 417 2878 ego
439 2803 571 2876 adiciam,
591 2803 702 2879 dequo
719 2802 793 2859 mihi
811 2801 939 2859 maxima
959 2802 1073 2874 samsai,

223 2897 376 2954 hortorum
394 2896 427 2953 in
447 2898 582 2954 manibus
600 2899 677 2955 dona
695 2899 821 2975 probata
838 2899 930 2956 meisi

175 2994 331 3057 ¹caeruleus
351 2995 478 3054 cucumis
494 2995 665 3071 tumidoque
685 2996 838 3053 cucurbita
852 3001 957 3053 uentre

225 3112 271 3149 me
291 3098 377 3148 nubat
392 3097 422 3148 eb
438 3092 526 3148 iunco
541 3091 671 3148 brassica
689 3091 791 3147 uincta
809 3090 868 3147 leui
877 3109 887 3162 3

183 3209 236 3246 nec
256 3190 309 3246 fios
330 3189 408 3245 ullus
428 3187 492 3245 hiat
510 3189 611 3263 pratis,
632 3187 705 3263 quin
720 3185 771 3243 illc
788 3185 926 3243 decenter
1035 3200 1072 3260 45

222 3285 375 3360 impositus
393 3284 486 3341 fronti
501 3285 640 3359 langueat
657 3288 728 3341 anic
745 3300 835 3341 meae.

918 3391 995 3448 a-ta
