2460 3884
162 322 199 382 18
507 321 721 382 PROPEM'I

148 471 213 510 nec
232 452 307 510 mihi
328 459 399 510 tunc
419 453 512 510 fulcro
531 459 682 512 sternatur
700 453 795 511 lectus
814 453 935 525 eburno,
1040 471 1056 528 5

199 565 255 605 neo
274 547 367 606 sitin
385 547 520 605 Attalico
539 567 618 606 mois
638 567 705 606 mee
723 547 796 605 nixn
815 552 888 604 toro.

161 643 238 701 desit
257 642 410 702 odoriferis
429 642 501 701 ordo
519 643 595 701 mihi
613 643 747 701 lancibus
755 663 766 717 3
786 642 885 701 adsint

199 741 296 820 plebei
314 760 424 819 pnruee
443 740 556 800 funeris
576 741 724 818 exequiae.

158 843 205 895 snt
226 855 292 894 mea
311 843 359 894 sut
377 844 514 914 magnust
532 836 559 895 si
578 843 639 896 tres
658 837 721 896 sint
740 855 852 914 pompe.
866 837 968 909 libelli,

197 953 270 1010 quoe
290 953 343 1011 ego
363 933 567 1018 Persephonae
586 936 717 994 maxims
735 936 814 993 donn
833 935 936 994 ierem.
1024 954 1058 990 10

157 1038 193 1090 tu
211 1051 283 1091 uero
302 1031 416 1090 nudum
435 1039 537 1110 pectus
556 1033 682 1090 luceretu
702 1032 841 1109 sequeris,

197 1148 252 1186 neo
271 1129 363 1188 fueris
382 1148 489 1188 nomen
509 1131 586 1188 lesse
605 1149 709 1188 uocare
728 1149 837 1200 meum,

159 1221 313 1297 osculoque
332 1222 366 1280 in
385 1222 489 1297 gelidis
508 1241 597 1298 pones
616 1240 752 1298 suprema
771 1222 894 1295 lebellis,

199 1337 266 1376 eum
286 1317 407 1374 dubitur
426 1316 512 1392 Syrio
532 1336 654 1374 munere
672 1317 778 1392 plenus
798 1337 887 1393 onyx

160 1413 273 1486 deiude,
294 1413 346 1471 ubi
365 1413 533 1489 suppositus
552 1414 680 1471 cinerem
700 1433 747 1471 me
767 1415 870 1472 fecerit
888 1414 983 1484 ordor,
1023 1431 1056 1488 ¹5

200 1511 324 1587 socipiut
343 1511 448 1568 Manes
467 1510 590 1586 peruoln
608 1517 686 1569 testu
706 1529 794 1583 meos,

160 1616 192 1666 et
212 1609 252 1666 sit
270 1609 303 1665 in
324 1606 431 1683 exiguo
451 1606 552 1664 laurus
571 1626 659 1683 super
678 1607 779 1666 sdditu
799 1609 896 1678 busto,

201 1725 275 1781 quae
295 1710 378 1780 tegat
397 1705 522 1762 extincti
542 1704 654 1762 funeris
673 1705 779 1762 umbra
798 1704 904 1778 locum,

124 1877 126 1880 y
160 1807 191 1858 et
211 1802 269 1858 duo
289 1801 350 1857 siut
368 1817 479 1871 uersus,
501 1800 571 1875 ‘qui
590 1817 669 1856 nunc
689 1799 766 1856 isoet
784 1799 904 1856 horride
923 1798 1030 1875 puluis,

200 1897 290 1954 unius
309 1894 358 1952 hio
377 1895 524 1970 quondum
545 1913 646 1951 seruos
665 1895 774 1952 umoris
794 1895 875 1954 erut!
1022 1914 1058 1948 20

160 2012 214 2050 nec
233 1992 331 2050 minus
350 1992 421 2049 hoec
439 1990 534 2048 nostri
554 1997 685 2047 notescet
704 1990 784 2048 fama
803 1990 937 2067 sepulcri,

199 2105 287 2164 quam
308 2087 426 2143 suerent
445 2083 550 2141 Phthii
569 2084 657 2141 busto
676 2091 799 2142 cruente
819 2084 886 2144 uiri

160 2191 194 2241 tu
215 2202 338 2260 quoque,
360 2181 385 2239 si
405 2174 522 2255 quando
542 2179 643 2236 uenies
663 2179 701 2236 sd
721 2179 792 2251 futu,
814 2177 974 2257 (memento

200 2281 256 2338 hoc
274 2279 351 2355 iter),
370 2277 411 2335 ,nd
430 2276 542 2353 lapidee
562 2294 636 2333 cene
654 2275 726 2333 ueni
745 2295 894 2335 memores

160 2377 274 2435 interea
293 2393 364 2432 caue
383 2373 422 2430 sis
441 2392 495 2430 nos
514 2379 670 2449 aspernato
689 2372 838 2449 sepultos:
1022 2395 1036 2431 2
1041 2391 1055 2449 5

108 2499 113 2513 ·
200 2473 336 2532 nonnihil
357 2473 394 2529 ud
414 2490 518 2528 uelum
538 2471 652 2527 conseia
672 2476 752 2527 terre
772 2473 857 2547 sapit.

161 2580 249 2650 atque
269 2573 383 2627 utinam
404 2568 506 2644 primis
526 2566 656 2623 animum
675 2585 723 2623 me
743 2585 852 2642 ponere
873 2567 957 2624 cunis

200 2667 334 2725 iussisset
353 2665 472 2741 quecuis
492 2662 645 2720 detribus
665 2682 726 2720 une
746 2665 846 2721 soros!

161 2786 231 2824 nem
251 2783 309 2841 quo
328 2769 390 2820 tum
411 2761 518 2818 dubiae
538 2767 673 2817 seruetur
694 2760 815 2836 spiritus
834 2760 944 2818 heracl

201 2858 338 2916 Nestoris
357 2861 402 2913 est
421 2855 502 2913 uisus
522 2860 588 2929 post
607 2856 666 2911 trin
686 2854 779 2911 saecla
799 2853 890 2909 cinis:
1019 2873 1056 2926 30

120 2933 122 2936 ‚
162 2955 211 3014 cui
230 2955 257 3012 si
277 2953 436 3027 longaeuas
455 2949 610 3005 minuisset
630 2948 693 3004 fata
712 2953 845 3004 senectae

202 3047 333 3106 Gallicus
353 3044 453 3100 Iliacis
471 3043 555 3100 miles
574 3043 607 3099 in
627 3042 788 3117 aggeribus,

163 3165 223 3203 non
243 3149 297 3201 out
316 3140 473 3199 Antilochi
493 3140 618 3198 uidisset
636 3158 740 3214 corpus
760 3136 884 3207 humari,

132 3315 134 3320 Α
203 3241 312 3299 diceret
331 3244 385 3296 sut
406 3239 440 3296 ‘0
459 3257 546 3314 more,
568 3256 620 3295 cur
639 3235 713 3294 mihi
732 3255 797 3293 sere
817 3233 931 3292 ueniei’
