2460 3884
164 341 203 400 20
502 341 719 402 PROPRM'I

163 470 215 528 sed
233 469 293 527 tibi
310 468 442 527 subsidio
460 469 635 548 delphinum
653 490 772 531 currere
790 471 863 544 uidi,

203 566 265 642 qui,
285 571 368 643 puto,
387 567 545 626 Arionium
564 575 689 628 uexerut
707 575 778 627 ente
796 569 899 645 lyram

164 659 282 738 iamque
300 679 355 736 ego
373 662 501 720 eouebrr
519 682 636 722 summu
654 683 703 722 me
721 665 842 722 mittere
859 683 941 737 sexu,

203 776 271 816 eum
288 756 364 816 mibi
383 757 521 817 discussit
539 760 613 819 tulie
631 761 697 820 uisu
715 767 820 820 metus
1023 781 1061 818 ιο

156 954 159 961 .
275 898 411 949 mmm
427 898 513 964 Paler.
725 903 757 953 15
768 911 833 966 pm
842 903 953 952 insuta.

414 1441 513 1508 Leve
542 1444 613 1508 end
643 1443 812 1530 Destiuy.

166 1614 213 1672 At
230 1633 286 1673 uos
304 1613 456 1688 incertum,
478 1615 626 1690 mortales,
648 1615 761 1673 funeris
780 1615 884 1674 horem

205 1711 348 1789 quaeritis
366 1719 398 1770 et
417 1732 476 1790 que
494 1712 536 1771 sit
554 1731 633 1771 mors
652 1713 771 1770 aditure
790 1712 841 1771 uie
850 1733 860 1786 3

165 1808 308 1886 quaeritis
325 1814 358 1866 et
376 1809 465 1881 eaelo,
486 1807 668 1865 Phoenicum
687 1809 819 1880 inuenta,
839 1828 942 1867 sereno

205 1925 280 1983 quse
298 1906 340 1965 sit
358 1905 446 1964 stelle
465 1904 580 1963 homini
599 1906 750 1963 commode
770 1924 902 1982 quaeque
922 1905 1008 1978 mele,

165 2021 217 2060 seu
229 2003 354 2079 pedibus
366 2001 494 2059 Parthos
507 2000 659 2077 sequimur
671 2020 723 2059 seu
737 2001 828 2059 classe
842 2001 1011 2070 Britannos,
1046 2019 1062 2076 5

206 2104 237 2157 et
255 2098 346 2157 meris
364 2103 396 2157 et
415 2103 512 2157 terree
532 2116 617 2156 eeeeu
635 2096 746 2174 pericle
765 2097 852 2170 uiee;

76 2203 80 2210 '
165 2215 267 2255 rursus
286 2202 318 2254 et
337 2194 484 2255 obiectum
504 2195 608 2254 flemus
627 2200 717 2273 eaput
736 2213 799 2252 esse
818 2193 961 2267 tumultu,

205 2313 272 2353 eum
291 2293 413 2354 Mauors
433 2293 537 2352 dubias
557 2293 662 2351 miscet
680 2292 831 2369 utrimque
850 2309 976 2363 munue3
1036 2290 1038 2293 ’

166 2399 317 2472 praeterea
336 2391 473 2454 domibus
493 2392 641 2451 flammam
661 2390 855 2466 domibusque
875 2388 985 2462 ruinas,

206 2515 265 2554 neu
284 2495 409 2554 subeunt
427 2491 519 2550 labris
538 2490 643 2568 poeula
662 2490 748 2565 nigre
767 2488 837 2547 tuis.
1029 2506 1066 2543 ἰο

168 2595 248 2652 solus
267 2611 369 2650 emens
388 2590 475 2648 uouit
494 2588 613 2664 quando
633 2587 784 2663 periturus
804 2590 835 2642 et
854 2605 873 2641 e
892 2603 952 2660 que

208 2695 312 2758 morte,
327 2703 425 2762 neque
438 2683 487 2740 hie
502 2681 615 2739 Boreae
628 2680 721 2738 flabra
734 2698 830 2754 neque
843 2696 925 2734 arma
938 2677 1032 2733 timet

167 2783 228 2839 iem
247 2783 317 2839 lieet
336 2786 368 2837 et
387 2778 491 2854 Stygis
510 2776 610 2834 sedeat
629 2775 684 2833 sub
703 2772 870 2831 harundine
889 2790 998 2844 remex,

207 2883 309 2936 cernat
328 2881 359 2934 et
379 2875 510 2932 infernae
529 2871 629 2929 tristia
647 2871 715 2928 uele
734 2870 828 2926 retis:

168 2974 192 3031 ei
212 2973 299 3030 modo
319 2969 473 3028 clementis
493 2965 678 3025 reuocauerit
698 2983 770 3021 eure
789 2963 912 3039 puellae,
1033 2978 1066 3035 ¹5

208 3081 374 3122 eoncessum
394 3060 478 3118 nulla
498 3060 562 3135 lege
582 3057 693 3116 redibit
711 3055 776 3114 iter.

509 3220 559 3271 111.
570 3235 622 3272 xrs
640 3219 728 3282 Peley.
