<?xml version="1.0" encoding="UTF-8"?>
<!DOCTYPE html PUBLIC "-//W3C//DTD XHTML 1.0 Transitional//EN"
    "http://www.w3.org/TR/xhtml1/DTD/xhtml1-transitional.dtd">
<html xmlns="http://www.w3.org/1999/xhtml" xml:lang="en" lang="en">
 <head>
  <title>
</title>
<meta http-equiv="Content-Type" content="text/html;charset=utf-8" />
  <meta name='ocr-system' content='tesseract 3.04.00' />
  <meta name='ocr-capabilities' content='ocr_page ocr_carea ocr_par ocr_line ocrx_word'/>
</head>
<body>
  <div class='ocr_page' id='page_1' title='image "./selectelegiespr00postgoog_0179.png"; bbox 0 0 2460 3884; ppageno 0'>
   <div class='ocr_carea' id='block_1_1' title="bbox 147 367 770 447">
    <p class='ocr_par' dir='ltr' id='par_1_1' title="bbox 147 367 770 447">
     <span class='ocr_line' id='line_1_1' title="bbox 147 367 770 447; baseline 0.008 -22"><span class='ocrx_word' id='word_1_1' title='bbox 147 369 183 425; x_wconf 80' lang='lat' dir='ltr'><strong>aa</strong></span> <span class='ocrx_word' id='word_1_2' title='bbox 485 367 700 429; x_wconf 72' lang='lat' dir='ltr'><strong>enarrari</strong></span> <span class='ocrx_word' id='word_1_3' title='bbox 766 441 770 447; x_wconf 49' lang='grc'><strong>,</strong></span> 
     </span>
    </p>
   </div>
   <div class='ocr_carea' id='block_1_2' title="bbox 95 493 1048 3383">
    <p class='ocr_par' dir='ltr' id='par_1_2' title="bbox 121 493 1037 676">
     <span class='ocr_line' id='line_1_2' title="bbox 121 493 1037 578; baseline 0.007 -26"><span class='ocrx_word' id='word_1_4' title='bbox 121 494 243 568; x_wconf 77' lang='lat' dir='ltr'><strong>dicite,</strong></span> <span class='ocrx_word' id='word_1_5' title='bbox 264 513 323 570; x_wconf 93' lang='lat' dir='ltr'><strong>quo</strong></span> <span class='ocrx_word' id='word_1_6' title='bbox 342 493 454 572; x_wconf 87' lang='lat' dir='ltr'><strong>pariter</strong></span> <span class='ocrx_word' id='word_1_7' title='bbox 473 515 592 556; x_wconf 87' lang='lat' dir='ltr'><strong>carmen</strong></span> <span class='ocrx_word' id='word_1_8' title='bbox 610 497 758 556; x_wconf 82' lang='lat' dir='ltr'><strong>tenuastis</strong></span> <span class='ocrx_word' id='word_1_9' title='bbox 777 496 811 556; x_wconf 90' lang='lat' dir='ltr'><strong>in</strong></span> <span class='ocrx_word' id='word_1_10' title='bbox 830 500 939 558; x_wconf 78' lang='lat' dir='ltr'><strong>antrat</strong></span> <span class='ocrx_word' id='word_1_11' title='bbox 971 549 974 556; x_wconf 92' lang='lat'>.</span> <span class='ocrx_word' id='word_1_12' title='bbox 1020 518 1037 578; x_wconf 79' lang='lat'><strong>5</strong></span> 
     </span>
     <span class='ocr_line' id='line_1_3' title="bbox 185 593 967 676; baseline 0.012 -27"><span class='ocrx_word' id='word_1_13' title='bbox 185 610 282 669; x_wconf 88' lang='lat' dir='ltr'><strong>quoue</strong></span> <span class='ocrx_word' id='word_1_14' title='bbox 300 593 375 670; x_wconf 88' lang='lat' dir='ltr'><strong>pede</strong></span> <span class='ocrx_word' id='word_1_15' title='bbox 394 593 537 671; x_wconf 75' lang='lat' dir='ltr'><strong>ingressit</strong></span> <span class='ocrx_word' id='word_1_16' title='bbox 556 614 684 673; x_wconf 88' lang='lat' dir='ltr'><strong>quamue</strong></span> <span class='ocrx_word' id='word_1_17' title='bbox 703 596 821 656; x_wconf 89' lang='lat' dir='ltr'><strong>bibistis</strong></span> <span class='ocrx_word' id='word_1_18' title='bbox 840 599 967 676; x_wconf 84' lang='lat' dir='ltr'><strong>aquam&#39;i</strong></span> 
     </span>
    </p>

    <p class='ocr_par' dir='ltr' id='par_1_3' title="bbox 145 689 985 866">
     <span class='ocr_line' id='line_1_4' title="bbox 145 689 985 776; baseline 0.008 -28"><span class='ocrx_word' id='word_1_19' title='bbox 145 709 165 748; x_wconf 84' lang='lat' dir='ltr'><strong>a</strong></span> <span class='ocrx_word' id='word_1_20' title='bbox 183 689 286 776; x_wconf 79' lang='lat' dir='ltr'><strong>ualeat</strong></span> <span class='ocrx_word' id='word_1_21' title='bbox 302 690 455 750; x_wconf 80' lang='lat' dir='ltr'>Phoebum</span> <span class='ocrx_word' id='word_1_22' title='bbox 474 692 652 771; x_wconf 80' lang='lat' dir='ltr'><strong>quicumque</strong></span> <span class='ocrx_word' id='word_1_23' title='bbox 671 700 806 753; x_wconf 89' lang='lat' dir='ltr'><strong>moratur</strong></span> <span class='ocrx_word' id='word_1_24' title='bbox 824 695 858 753; x_wconf 91' lang='lat' dir='ltr'><strong>in</strong></span> <span class='ocrx_word' id='word_1_25' title='bbox 876 693 985 755; x_wconf 86' lang='lat' dir='ltr'><strong>armis!</strong></span> 
     </span>
     <span class='ocr_line' id='line_1_5' title="bbox 188 786 748 866; baseline 0.007 -20"><span class='ocrx_word' id='word_1_26' title='bbox 188 792 311 846; x_wconf 83' lang='lat' dir='ltr'><strong>exactus</strong></span> <span class='ocrx_word' id='word_1_27' title='bbox 329 786 414 846; x_wconf 87' lang='lat' dir='ltr'><strong>tenui</strong></span> <span class='ocrx_word' id='word_1_28' title='bbox 433 788 550 866; x_wconf 77' lang='lat' dir='ltr'><strong>pumice</strong></span> <span class='ocrx_word' id='word_1_29' title='bbox 568 809 673 850; x_wconf 85' lang='lat' dir='ltr'><strong>uersus</strong></span> <span class='ocrx_word' id='word_1_30' title='bbox 691 797 748 863; x_wconf 85' lang='lat' dir='ltr'><strong>eat,</strong></span> 
     </span>
    </p>

    <p class='ocr_par' dir='ltr' id='par_1_4' title="bbox 146 884 1040 1070">
     <span class='ocr_line' id='line_1_6' title="bbox 146 884 905 964; baseline 0.008 -21"><span class='ocrx_word' id='word_1_31' title='bbox 146 904 204 964; x_wconf 91' lang='lat' dir='ltr'><strong>quo</strong></span> <span class='ocrx_word' id='word_1_32' title='bbox 223 904 271 944; x_wconf 91' lang='lat' dir='ltr'><strong>me</strong></span> <span class='ocrx_word' id='word_1_33' title='bbox 291 884 384 944; x_wconf 83' lang='lat' dir='ltr'><strong>Fama</strong></span> <span class='ocrx_word' id='word_1_34' title='bbox 402 886 485 946; x_wconf 84' lang='lat' dir='ltr'><strong>leuat</strong></span> <span class='ocrx_word' id='word_1_35' title='bbox 503 893 585 948; x_wconf 87' lang='lat' dir='ltr'><strong>terra</strong></span> <span class='ocrx_word' id='word_1_36' title='bbox 603 889 747 962; x_wconf 89' lang='lat' dir='ltr'><strong>sublimis,</strong></span> <span class='ocrx_word' id='word_1_37' title='bbox 769 895 800 948; x_wconf 90' lang='lat' dir='ltr'><strong>et</strong></span> <span class='ocrx_word' id='word_1_38' title='bbox 819 910 839 949; x_wconf 84' lang='lat' dir='ltr'><strong>a</strong></span> <span class='ocrx_word' id='word_1_39' title='bbox 857 909 905 950; x_wconf 88' lang='lat' dir='ltr'><strong>me</strong></span> 
     </span>
     <span class='ocr_line' id='line_1_7' title="bbox 185 983 1040 1070; baseline 0.006 -29"><span class='ocrx_word' id='word_1_40' title='bbox 185 989 258 1041; x_wconf 85' lang='lat' dir='ltr'><strong>nata</strong></span> <span class='ocrx_word' id='word_1_41' title='bbox 276 983 424 1042; x_wconf 87' lang='lat' dir='ltr'><strong>coronatis</strong></span> <span class='ocrx_word' id='word_1_42' title='bbox 444 983 534 1043; x_wconf 87' lang='lat' dir='ltr'><strong>Musa</strong></span> <span class='ocrx_word' id='word_1_43' title='bbox 552 985 719 1063; x_wconf 82' lang='lat' dir='ltr'><strong>triumphat</strong></span> <span class='ocrx_word' id='word_1_44' title='bbox 738 988 830 1064; x_wconf 89' lang='lat' dir='ltr'><strong>equis,</strong></span> <span class='ocrx_word' id='word_1_45' title='bbox 978 1065 980 1070; x_wconf 67' lang='lat'>,</span> <span class='ocrx_word' id='word_1_46' title='bbox 1004 1008 1040 1046; x_wconf 80' lang='grc' dir='ltr'><strong>ιο</strong></span> 
     </span>
    </p>

    <p class='ocr_par' dir='ltr' id='par_1_5' title="bbox 147 1082 911 1256">
     <span class='ocr_line' id='line_1_8' title="bbox 147 1082 911 1160; baseline 0.005 -20"><span class='ocrx_word' id='word_1_47' title='bbox 147 1087 178 1140; x_wconf 89' lang='lat' dir='ltr'><strong>et</strong></span> <span class='ocrx_word' id='word_1_48' title='bbox 196 1100 311 1141; x_wconf 89' lang='lat' dir='ltr'><strong>mecum</strong></span> <span class='ocrx_word' id='word_1_49' title='bbox 330 1082 365 1142; x_wconf 88' lang='lat' dir='ltr'><strong>in</strong></span> <span class='ocrx_word' id='word_1_50' title='bbox 384 1101 473 1141; x_wconf 87' lang='lat' dir='ltr'><strong>curru</strong></span> <span class='ocrx_word' id='word_1_51' title='bbox 492 1083 579 1160; x_wconf 83' lang='lat' dir='ltr'><strong>parui</strong></span> <span class='ocrx_word' id='word_1_52' title='bbox 598 1088 756 1142; x_wconf 84' lang='lat' dir='ltr'><strong>nectantur</strong></span> <span class='ocrx_word' id='word_1_53' title='bbox 775 1084 911 1157; x_wconf 86' lang='lat' dir='ltr'><strong>Amores,</strong></span> 
     </span>
     <span class='ocr_line' id='line_1_9' title="bbox 186 1166 858 1256; baseline 0.001 -19"><span class='ocrx_word' id='word_1_54' title='bbox 186 1179 422 1256; x_wconf 81' lang='lat' dir='ltr'><strong>scriptorumque</strong></span> <span class='ocrx_word' id='word_1_55' title='bbox 440 1166 631 1242; x_wconf 65' lang='lat' dir='ltr'><strong>meas‘turba</strong></span> <span class='ocrx_word' id='word_1_56' title='bbox 649 1185 750 1238; x_wconf 85' lang='lat' dir='ltr'><strong>secuta</strong></span> <span class='ocrx_word' id='word_1_57' title='bbox 769 1186 858 1238; x_wconf 86' lang='lat' dir='ltr'><strong>rotas.</strong></span> 
     </span>
    </p>

    <p class='ocr_par' dir='ltr' id='par_1_6' title="bbox 146 1274 890 1429">
     <span class='ocr_line' id='line_1_10' title="bbox 146 1274 890 1351; baseline 0.004 -20"><span class='ocrx_word' id='word_1_58' title='bbox 146 1274 218 1350; x_wconf 90' lang='lat' dir='ltr'><strong>quid</strong></span> <span class='ocrx_word' id='word_1_59' title='bbox 237 1274 351 1332; x_wconf 83' lang='lat' dir='ltr'><strong>frustra</strong></span> <span class='ocrx_word' id='word_1_60' title='bbox 365 1274 467 1351; x_wconf 44' lang='lat' dir='ltr'><strong>,missis</strong></span> <span class='ocrx_word' id='word_1_61' title='bbox 485 1275 519 1332; x_wconf 89' lang='lat' dir='ltr'><strong>in</strong></span> <span class='ocrx_word' id='word_1_62' title='bbox 538 1294 586 1333; x_wconf 91' lang='lat' dir='ltr'><strong>me</strong></span> <span class='ocrx_word' id='word_1_63' title='bbox 606 1275 727 1332; x_wconf 86' lang='lat' dir='ltr'><strong>certatis</strong></span> <span class='ocrx_word' id='word_1_64' title='bbox 745 1275 890 1334; x_wconf 67' lang='lat' dir='ltr'><strong>habenis?</strong></span> 
     </span>
     <span class='ocr_line' id='line_1_11' title="bbox 184 1369 835 1429; baseline 0.002 -1"><span class='ocrx_word' id='word_1_65' title='bbox 184 1389 247 1428; x_wconf 89' lang='lat' dir='ltr'><strong>non</strong></span> <span class='ocrx_word' id='word_1_66' title='bbox 267 1370 356 1427; x_wconf 89' lang='lat' dir='ltr'><strong>datur</strong></span> <span class='ocrx_word' id='word_1_67' title='bbox 375 1370 415 1427; x_wconf 91' lang='lat' dir='ltr'><strong>ad</strong></span> <span class='ocrx_word' id='word_1_68' title='bbox 434 1369 539 1427; x_wconf 88' lang='lat' dir='ltr'><strong>Musas</strong></span> <span class='ocrx_word' id='word_1_69' title='bbox 558 1389 676 1429; x_wconf 89' lang='lat' dir='ltr'><strong>currere</strong></span> <span class='ocrx_word' id='word_1_70' title='bbox 695 1370 759 1428; x_wconf 86' lang='lat' dir='ltr'><strong>lata</strong></span> <span class='ocrx_word' id='word_1_71' title='bbox 778 1371 835 1429; x_wconf 86' lang='lat' dir='ltr'><strong>uia.</strong></span> 
     </span>
    </p>

    <p class='ocr_par' dir='ltr' id='par_1_7' title="bbox 146 1466 1039 1639">
     <span class='ocr_line' id='line_1_12' title="bbox 146 1466 1039 1544; baseline 0.002 -20"><span class='ocrx_word' id='word_1_72' title='bbox 146 1467 242 1539; x_wconf 91' lang='lat' dir='ltr'><strong>multi,</strong></span> <span class='ocrx_word' id='word_1_73' title='bbox 263 1467 368 1540; x_wconf 81' lang='lat' dir='ltr'><strong>Roma,</strong></span> <span class='ocrx_word' id='word_1_74' title='bbox 388 1473 457 1525; x_wconf 89' lang='lat' dir='ltr'><strong>tuas</strong></span> <span class='ocrx_word' id='word_1_75' title='bbox 475 1467 579 1525; x_wconf 87' lang='lat' dir='ltr'><strong>laudes</strong></span> <span class='ocrx_word' id='word_1_76' title='bbox 598 1466 756 1525; x_wconf 79' lang='lat' dir='ltr'><strong>annalibus</strong></span> <span class='ocrx_word' id='word_1_77' title='bbox 775 1467 894 1542; x_wconf 77' lang='lat' dir='ltr'><strong>addent,</strong></span> <span class='ocrx_word' id='word_1_78' title='bbox 1006 1485 1039 1544; x_wconf 81' lang='lat'><strong>15</strong></span> 
     </span>
     <span class='ocr_line' id='line_1_13' title="bbox 185 1561 870 1639; baseline 0.001 -19"><span class='ocrx_word' id='word_1_79' title='bbox 185 1562 239 1639; x_wconf 89' lang='lat' dir='ltr'><strong>qui</strong></span> <span class='ocrx_word' id='word_1_80' title='bbox 257 1561 347 1620; x_wconf 89' lang='lat' dir='ltr'><strong>fincm</strong></span> <span class='ocrx_word' id='word_1_81' title='bbox 366 1561 484 1638; x_wconf 89' lang='lat' dir='ltr'><strong>imperii</strong></span> <span class='ocrx_word' id='word_1_82' title='bbox 504 1563 613 1620; x_wconf 87' lang='lat' dir='ltr'><strong>Bactra</strong></span> <span class='ocrx_word' id='word_1_83' title='bbox 631 1562 736 1620; x_wconf 87' lang='lat' dir='ltr'><strong>futura</strong></span> <span class='ocrx_word' id='word_1_84' title='bbox 756 1568 870 1622; x_wconf 84' lang='lat' dir='ltr'><strong>canent</strong></span> 
     </span>
    </p>

    <p class='ocr_par' dir='ltr' id='par_1_8' title="bbox 146 1643 988 1834">
     <span class='ocr_line' id='line_1_14' title="bbox 146 1643 988 1738; baseline 0 -20"><span class='ocrx_word' id='word_1_85' title='bbox 146 1660 198 1719; x_wconf 90' lang='lat' dir='ltr'><strong>sed</strong></span> <span class='ocrx_word' id='word_1_86' title='bbox 217 1659 296 1738; x_wconf 90' lang='lat' dir='ltr'><strong>quod</strong></span> <span class='ocrx_word' id='word_1_87' title='bbox 317 1643 388 1736; x_wconf 82' lang='lat' dir='ltr'><strong>pace</strong></span> <span class='ocrx_word' id='word_1_88' title='bbox 406 1659 487 1736; x_wconf 84' lang='lat' dir='ltr'><strong>legas</strong></span> <span class='ocrx_word' id='word_1_89' title='bbox 506 1679 581 1738; x_wconf 86' lang='lat' dir='ltr'><strong>opus</strong></span> <span class='ocrx_word' id='word_1_90' title='bbox 600 1661 657 1718; x_wconf 87' lang='lat' dir='ltr'><strong>hoc</strong></span> <span class='ocrx_word' id='word_1_91' title='bbox 676 1659 714 1719; x_wconf 92' lang='lat' dir='ltr'><strong>de</strong></span> <span class='ocrx_word' id='word_1_92' title='bbox 732 1666 835 1719; x_wconf 88' lang='lat' dir='ltr'><strong>monte</strong></span> <span class='ocrx_word' id='word_1_93' title='bbox 854 1679 988 1719; x_wconf 88' lang='lat' dir='ltr'><strong>sororum</strong></span> 
     </span>
     <span class='ocr_line' id='line_1_15' title="bbox 186 1754 756 1834; baseline 0.005 -22"><span class='ocrx_word' id='word_1_94' title='bbox 186 1754 295 1813; x_wconf 87' lang='lat' dir='ltr'><strong>detulit</strong></span> <span class='ocrx_word' id='word_1_95' title='bbox 315 1756 430 1815; x_wconf 85' lang='lat' dir='ltr'><strong>intacta</strong></span> <span class='ocrx_word' id='word_1_96' title='bbox 448 1758 557 1834; x_wconf 83' lang='lat' dir='ltr'><strong>pagina</strong></span> <span class='ocrx_word' id='word_1_97' title='bbox 575 1763 679 1815; x_wconf 82' lang='lat' dir='ltr'><strong>nostra</strong></span> <span class='ocrx_word' id='word_1_98' title='bbox 698 1757 756 1816; x_wconf 87' lang='lat' dir='ltr'><strong>uia</strong></span> 
     </span>
    </p>

    <p class='ocr_par' dir='ltr' id='par_1_9' title="bbox 146 1853 1042 2028">
     <span class='ocr_line' id='line_1_16' title="bbox 146 1853 894 1931; baseline 0.005 -21"><span class='ocrx_word' id='word_1_99' title='bbox 146 1853 254 1925; x_wconf 86' lang='lat' dir='ltr'><strong>mollia,</strong></span> <span class='ocrx_word' id='word_1_100' title='bbox 275 1853 442 1930; x_wconf 84' lang='lat' dir='ltr'><strong>Pegasides,</strong></span> <span class='ocrx_word' id='word_1_101' title='bbox 464 1855 535 1914; x_wconf 89' lang='lat' dir='ltr'><strong>date</strong></span> <span class='ocrx_word' id='word_1_102' title='bbox 554 1861 654 1913; x_wconf 87' lang='lat' dir='ltr'><strong>uestro</strong></span> <span class='ocrx_word' id='word_1_103' title='bbox 674 1860 753 1912; x_wconf 89' lang='lat' dir='ltr'><strong>serta</strong></span> <span class='ocrx_word' id='word_1_104' title='bbox 772 1859 894 1931; x_wconf 86' lang='lat' dir='ltr'><strong>poetae:</strong></span> 
     </span>
     <span class='ocr_line' id='line_1_17' title="bbox 185 1950 1042 2028; baseline 0.002 -20"><span class='ocrx_word' id='word_1_105' title='bbox 185 1969 246 2013; x_wconf 89' lang='lat' dir='ltr'><strong>non</strong></span> <span class='ocrx_word' id='word_1_106' title='bbox 265 1950 356 2009; x_wconf 79' lang='lat' dir='ltr'><strong>faciet</strong></span> <span class='ocrx_word' id='word_1_107' title='bbox 375 1951 466 2028; x_wconf 90' lang='lat' dir='ltr'><strong>capiti</strong></span> <span class='ocrx_word' id='word_1_108' title='bbox 485 1952 561 2010; x_wconf 88' lang='lat' dir='ltr'><strong>dura</strong></span> <span class='ocrx_word' id='word_1_109' title='bbox 580 1971 688 2010; x_wconf 88' lang='lat' dir='ltr'><strong>corona</strong></span> <span class='ocrx_word' id='word_1_110' title='bbox 707 1971 781 2016; x_wconf 86' lang='lat' dir='ltr'><strong>meo.</strong></span> <span class='ocrx_word' id='word_1_111' title='bbox 1006 1973 1042 2010; x_wconf 86' lang='lat'><strong>20</strong></span> 
     </span>
    </p>

    <p class='ocr_par' dir='ltr' id='par_1_10' title="bbox 147 2047 902 2224">
     <span class='ocr_line' id='line_1_18' title="bbox 147 2047 886 2125; baseline 0.003 -20"><span class='ocrx_word' id='word_1_112' title='bbox 147 2055 179 2105; x_wconf 88' lang='lat' dir='ltr'><strong>at</strong></span> <span class='ocrx_word' id='word_1_113' title='bbox 198 2047 273 2106; x_wconf 91' lang='lat' dir='ltr'><strong>mihi</strong></span> <span class='ocrx_word' id='word_1_114' title='bbox 292 2047 373 2125; x_wconf 91' lang='lat' dir='ltr'><strong>quod</strong></span> <span class='ocrx_word' id='word_1_115' title='bbox 392 2048 464 2106; x_wconf 92' lang='lat' dir='ltr'><strong>uiuo</strong></span> <span class='ocrx_word' id='word_1_116' title='bbox 484 2048 648 2108; x_wconf 78' lang='lat' dir='ltr'><strong>detraxerit</strong></span> <span class='ocrx_word' id='word_1_117' title='bbox 666 2049 770 2107; x_wconf 87' lang='lat' dir='ltr'><strong>inuida</strong></span> <span class='ocrx_word' id='word_1_118' title='bbox 788 2050 886 2123; x_wconf 86' lang='lat' dir='ltr'><strong>turba,</strong></span> 
     </span>
     <span class='ocr_line' id='line_1_19' title="bbox 186 2145 902 2224; baseline 0.003 -20"><span class='ocrx_word' id='word_1_119' title='bbox 186 2151 253 2223; x_wconf 88' lang='lat' dir='ltr'><strong>post</strong></span> <span class='ocrx_word' id='word_1_120' title='bbox 272 2147 387 2204; x_wconf 87' lang='lat' dir='ltr'><strong>obitum</strong></span> <span class='ocrx_word' id='word_1_121' title='bbox 406 2145 519 2224; x_wconf 88' lang='lat' dir='ltr'><strong>duplici</strong></span> <span class='ocrx_word' id='word_1_122' title='bbox 538 2147 657 2205; x_wconf 85' lang='lat' dir='ltr'><strong>faenore</strong></span> <span class='ocrx_word' id='word_1_123' title='bbox 677 2147 902 2219; x_wconf 74' lang='lat' dir='ltr'><strong>reddethonos.</strong></span> 
     </span>
    </p>

    <p class='ocr_par' dir='ltr' id='par_1_11' title="bbox 147 2232 876 2420">
     <span class='ocr_line' id='line_1_20' title="bbox 147 2232 876 2322; baseline 0.001 -19"><span class='ocrx_word' id='word_1_124' title='bbox 147 2232 246 2304; x_wconf 85' lang='lat' dir='ltr'><strong>omnia</strong></span> <span class='ocrx_word' id='word_1_125' title='bbox 264 2251 332 2322; x_wconf 84' lang='lat' dir='ltr'><strong>post</strong></span> <span class='ocrx_word' id='word_1_126' title='bbox 351 2245 466 2304; x_wconf 90' lang='lat' dir='ltr'><strong>obitum</strong></span> <span class='ocrx_word' id='word_1_127' title='bbox 486 2246 573 2322; x_wconf 87' lang='lat' dir='ltr'><strong>fingit</strong></span> <span class='ocrx_word' id='word_1_128' title='bbox 591 2245 704 2305; x_wconf 87' lang='lat' dir='ltr'><strong>maiora</strong></span> <span class='ocrx_word' id='word_1_129' title='bbox 724 2240 857 2304; x_wconf 85' lang='lat' dir='ltr'><strong>uetustas</strong></span> <span class='ocrx_word' id='word_1_130' title='bbox 867 2267 876 2319; x_wconf 90' lang='lat'>;</span> 
     </span>
     <span class='ocr_line' id='line_1_21' title="bbox 187 2342 860 2420; baseline 0 -21"><span class='ocrx_word' id='word_1_131' title='bbox 187 2342 282 2400; x_wconf 88' lang='lat' dir='ltr'><strong>maius</strong></span> <span class='ocrx_word' id='word_1_132' title='bbox 302 2342 340 2400; x_wconf 87' lang='lat' dir='ltr'><strong>ab</strong></span> <span class='ocrx_word' id='word_1_133' title='bbox 360 2343 495 2420; x_wconf 82' lang='lat' dir='ltr'><strong>exequiis</strong></span> <span class='ocrx_word' id='word_1_134' title='bbox 513 2362 622 2402; x_wconf 89' lang='lat' dir='ltr'><strong>nomen</strong></span> <span class='ocrx_word' id='word_1_135' title='bbox 641 2343 675 2401; x_wconf 88' lang='lat' dir='ltr'><strong>in</strong></span> <span class='ocrx_word' id='word_1_136' title='bbox 695 2362 748 2400; x_wconf 88' lang='lat' dir='ltr'><strong>ora</strong></span> <span class='ocrx_word' id='word_1_137' title='bbox 767 2342 860 2399; x_wconf 88' lang='lat' dir='ltr'><strong>uenit.</strong></span> 
     </span>
    </p>

    <p class='ocr_par' dir='ltr' id='par_1_12' title="bbox 148 2437 1042 2612">
     <span class='ocr_line' id='line_1_22' title="bbox 148 2437 1042 2516; baseline 0 -20"><span class='ocrx_word' id='word_1_138' title='bbox 148 2457 217 2496; x_wconf 90' lang='lat' dir='ltr'><strong>nam</strong></span> <span class='ocrx_word' id='word_1_139' title='bbox 237 2437 304 2514; x_wconf 88' lang='lat' dir='ltr'><strong>quis</strong></span> <span class='ocrx_word' id='word_1_140' title='bbox 323 2457 399 2515; x_wconf 88' lang='lat' dir='ltr'><strong>equo</strong></span> <span class='ocrx_word' id='word_1_141' title='bbox 419 2438 517 2516; x_wconf 90' lang='lat' dir='ltr'><strong>pulsas</strong></span> <span class='ocrx_word' id='word_1_142' title='bbox 537 2439 661 2516; x_wconf 85' lang='lat' dir='ltr'><strong>abiegno</strong></span> <span class='ocrx_word' id='word_1_143' title='bbox 681 2445 814 2497; x_wconf 88' lang='lat' dir='ltr'><strong>nosceret</strong></span> <span class='ocrx_word' id='word_1_144' title='bbox 833 2458 923 2511; x_wconf 83' lang='lat' dir='ltr'><strong>arces,</strong></span> <span class='ocrx_word' id='word_1_145' title='bbox 1008 2456 1042 2515; x_wconf 79' lang='lat'><strong>25</strong></span> 
     </span>
     <span class='ocr_line' id='line_1_23' title="bbox 188 2535 912 2612; baseline -0.001 -19"><span class='ocrx_word' id='word_1_146' title='bbox 188 2536 368 2612; x_wconf 87' lang='lat' dir='ltr'><strong>fluminaque</strong></span> <span class='ocrx_word' id='word_1_147' title='bbox 388 2536 556 2594; x_wconf 88' lang='lat' dir='ltr'><strong>Haemonio</strong></span> <span class='ocrx_word' id='word_1_148' title='bbox 576 2535 740 2594; x_wconf 88' lang='lat' dir='ltr'><strong>comminus</strong></span> <span class='ocrx_word' id='word_1_149' title='bbox 759 2536 817 2594; x_wconf 88' lang='lat' dir='ltr'><strong>isse</strong></span> <span class='ocrx_word' id='word_1_150' title='bbox 836 2536 912 2608; x_wconf 90' lang='lat' dir='ltr'><strong>uiro,</strong></span> 
     </span>
    </p>

    <p class='ocr_par' dir='ltr' id='par_1_13' title="bbox 150 2631 943 2708">
     <span class='ocr_line' id='line_1_24' title="bbox 150 2631 943 2708; baseline 0.001 -20"><span class='ocrx_word' id='word_1_151' title='bbox 150 2633 273 2692; x_wconf 89' lang='lat' dir='ltr'><strong>Idaeum</strong></span> <span class='ocrx_word' id='word_1_152' title='bbox 293 2633 445 2691; x_wconf 81' lang='lat' dir='ltr'><strong>Simoenta</strong></span> <span class='ocrx_word' id='word_1_153' title='bbox 464 2633 547 2691; x_wconf 91' lang='lat' dir='ltr'><strong>Iouis</strong></span> <span class='ocrx_word' id='word_1_154' title='bbox 567 2653 634 2691; x_wconf 85' lang='lat' dir='ltr'><strong>cam</strong></span> <span class='ocrx_word' id='word_1_155' title='bbox 649 2633 733 2708; x_wconf 80' lang='lat' dir='ltr'><strong>prole</strong></span> <span class='ocrx_word' id='word_1_156' title='bbox 752 2631 943 2704; x_wconf 77' lang='lat' dir='ltr'><strong>Scamandro,</strong></span> 
     </span>
    </p>

    <p class='ocr_par' dir='ltr' id='par_1_14' title="bbox 116 2727 888 2805">
     <span class='ocr_line' id='line_1_25' title="bbox 116 2727 888 2805; baseline -0.001 -20"><span class='ocrx_word' id='word_1_157' title='bbox 116 2767 122 2778; x_wconf 84' lang='lat'><em>·</em></span> <span class='ocrx_word' id='word_1_158' title='bbox 190 2727 322 2786; x_wconf 85' lang='lat' dir='ltr'><strong>Hectora</strong></span> <span class='ocrx_word' id='word_1_159' title='bbox 341 2733 388 2786; x_wconf 88' lang='lat' dir='ltr'><strong>ter</strong></span> <span class='ocrx_word' id='word_1_160' title='bbox 407 2748 524 2805; x_wconf 89' lang='lat' dir='ltr'><strong>campos</strong></span> <span class='ocrx_word' id='word_1_161' title='bbox 543 2734 590 2787; x_wconf 88' lang='lat' dir='ltr'><strong>ter</strong></span> <span class='ocrx_word' id='word_1_162' title='bbox 609 2728 770 2786; x_wconf 86' lang='lat' dir='ltr'><strong>maculasse</strong></span> <span class='ocrx_word' id='word_1_163' title='bbox 790 2729 888 2785; x_wconf 77' lang='lat' dir='ltr'><strong>ratast</strong></span> 
     </span>
    </p>

    <p class='ocr_par' dir='ltr' id='par_1_15' title="bbox 151 2823 1048 3004">
     <span class='ocr_line' id='line_1_26' title="bbox 151 2823 1048 2901; baseline -0.001 -19"><span class='ocrx_word' id='word_1_164' title='bbox 151 2823 396 2901; x_wconf 84' lang='lat' dir='ltr'><strong>Deiphobumque</strong></span> <span class='ocrx_word' id='word_1_165' title='bbox 403 2823 610 2899; x_wconf 85' lang='lat' dir='ltr'><strong>Helenumque</strong></span> <span class='ocrx_word' id='word_1_166' title='bbox 619 2830 650 2881; x_wconf 87' lang='lat' dir='ltr'><strong>et</strong></span> <span class='ocrx_word' id='word_1_167' title='bbox 657 2824 891 2900; x_wconf 86' lang='lat' dir='ltr'><strong>Pulydamantas</strong></span> <span class='ocrx_word' id='word_1_168' title='bbox 900 2823 933 2879; x_wconf 90' lang='lat' dir='ltr'><strong>in</strong></span> <span class='ocrx_word' id='word_1_169' title='bbox 941 2824 1048 2881; x_wconf 79' lang='lat' dir='ltr'><strong>armist</strong></span> 
     </span>
     <span class='ocr_line' id='line_1_27' title="bbox 190 2908 1047 3004; baseline 0 -26"><span class='ocrx_word' id='word_1_170' title='bbox 190 2908 432 3004; x_wconf 79' lang='lat' dir='ltr'><strong>qualemcumque</strong></span> <span class='ocrx_word' id='word_1_171' title='bbox 452 2919 553 2978; x_wconf 86' lang='lat' dir='ltr'><strong>Parim</strong></span> <span class='ocrx_word' id='word_1_172' title='bbox 574 2921 628 2979; x_wconf 83' lang='lat' dir='ltr'><strong>uix</strong></span> <span class='ocrx_word' id='word_1_173' title='bbox 648 2940 702 2979; x_wconf 88' lang='lat' dir='ltr'><strong>sua</strong></span> <span class='ocrx_word' id='word_1_174' title='bbox 721 2925 821 2977; x_wconf 85' lang='lat' dir='ltr'><strong>nosset</strong></span> <span class='ocrx_word' id='word_1_175' title='bbox 840 2918 956 2978; x_wconf 86' lang='lat' dir='ltr'><strong>humus.</strong></span> <span class='ocrx_word' id='word_1_176' title='bbox 1009 2940 1047 2995; x_wconf 88' lang='lat'><strong>30</strong></span> 
     </span>
    </p>

    <p class='ocr_par' dir='ltr' id='par_1_16' title="bbox 151 3016 842 3096">
     <span class='ocr_line' id='line_1_28' title="bbox 151 3016 842 3096; baseline -0.009 -18"><span class='ocrx_word' id='word_1_177' title='bbox 151 3020 259 3096; x_wconf 85' lang='lat' dir='ltr'><strong>exiguo</strong></span> <span class='ocrx_word' id='word_1_178' title='bbox 278 3037 413 3077; x_wconf 84' lang='lat' dir='ltr'><strong>sermone</strong></span> <span class='ocrx_word' id='word_1_179' title='bbox 431 3017 509 3076; x_wconf 84' lang='lat' dir='ltr'><strong>fores</strong></span> <span class='ocrx_word' id='word_1_180' title='bbox 527 3037 616 3089; x_wconf 90' lang='lat' dir='ltr'><strong>nunc,</strong></span> <span class='ocrx_word' id='word_1_181' title='bbox 637 3016 726 3088; x_wconf 88' lang='lat' dir='ltr'><strong>Ilion,</strong></span> <span class='ocrx_word' id='word_1_182' title='bbox 748 3024 779 3074; x_wconf 88' lang='lat' dir='ltr'><strong>et</strong></span> <span class='ocrx_word' id='word_1_183' title='bbox 798 3023 842 3087; x_wconf 86' lang='lat' dir='ltr'><strong>tu,</strong></span> 
     </span>
    </p>

    <p class='ocr_par' dir='ltr' id='par_1_17' title="bbox 95 3110 802 3189">
     <span class='ocr_line' id='line_1_29' title="bbox 95 3110 802 3189; baseline -0.008 -16"><span class='ocrx_word' id='word_1_184' title='bbox 95 3130 96 3134; x_wconf 75' lang='grc'>’</span> <span class='ocrx_word' id='word_1_185' title='bbox 191 3114 287 3187; x_wconf 79' lang='lat' dir='ltr'><strong>Troia,</strong></span> <span class='ocrx_word' id='word_1_186' title='bbox 307 3113 355 3172; x_wconf 86' lang='lat' dir='ltr'><strong>bis</strong></span> <span class='ocrx_word' id='word_1_187' title='bbox 375 3112 478 3172; x_wconf 87' lang='lat' dir='ltr'><strong>Oetaei</strong></span> <span class='ocrx_word' id='word_1_188' title='bbox 497 3113 620 3170; x_wconf 91' lang='lat' dir='ltr'><strong>numine</strong></span> <span class='ocrx_word' id='word_1_189' title='bbox 639 3117 727 3189; x_wconf 85' lang='lat' dir='ltr'><strong>capta</strong></span> <span class='ocrx_word' id='word_1_190' title='bbox 746 3110 802 3169; x_wconf 87' lang='lat' dir='ltr'><strong>dei.</strong></span> 
     </span>
    </p>

    <p class='ocr_par' dir='ltr' id='par_1_18' title="bbox 153 3206 897 3383">
     <span class='ocr_line' id='line_1_30' title="bbox 153 3206 897 3270; baseline -0.009 0"><span class='ocrx_word' id='word_1_191' title='bbox 153 3231 207 3270; x_wconf 89' lang='lat' dir='ltr'><strong>nec</strong></span> <span class='ocrx_word' id='word_1_192' title='bbox 226 3230 287 3269; x_wconf 88' lang='lat' dir='ltr'><strong>non</strong></span> <span class='ocrx_word' id='word_1_193' title='bbox 307 3208 359 3268; x_wconf 91' lang='lat' dir='ltr'><strong>ille</strong></span> <span class='ocrx_word' id='word_1_194' title='bbox 378 3210 427 3267; x_wconf 91' lang='lat' dir='ltr'><strong>tui</strong></span> <span class='ocrx_word' id='word_1_195' title='bbox 446 3227 529 3267; x_wconf 84' lang='lat' dir='ltr'><strong>casus</strong></span> <span class='ocrx_word' id='word_1_196' title='bbox 549 3214 726 3266; x_wconf 88' lang='lat' dir='ltr'><strong>memorator</strong></span> <span class='ocrx_word' id='word_1_197' title='bbox 746 3206 897 3264; x_wconf 82' lang='lat' dir='ltr'><strong>Homerus</strong></span> 
     </span>
     <span class='ocr_line' id='line_1_31' title="bbox 193 3302 835 3383; baseline -0.008 -19"><span class='ocrx_word' id='word_1_198' title='bbox 193 3305 368 3383; x_wconf 81' lang='lat' dir='ltr'><strong>posteritate</strong></span> <span class='ocrx_word' id='word_1_199' title='bbox 387 3323 474 3363; x_wconf 89' lang='lat' dir='ltr'><strong>suum</strong></span> <span class='ocrx_word' id='word_1_200' title='bbox 495 3323 622 3363; x_wconf 85' lang='lat' dir='ltr'><strong>crescere</strong></span> <span class='ocrx_word' id='word_1_201' title='bbox 642 3302 734 3361; x_wconf 88' lang='lat' dir='ltr'><strong>sensit</strong></span> <span class='ocrx_word' id='word_1_202' title='bbox 754 3319 835 3378; x_wconf 81' lang='lat' dir='ltr'><strong>opus</strong></span> 
     </span>
    </p>
   </div>
   <div class='ocr_carea' id='block_1_3' title="bbox 0 0 1244 3884">
    <p class='ocr_par' dir='ltr' id='par_1_19' title="bbox 0 0 1244 3884">
     <span class='ocr_line' id='line_1_32' title="bbox 0 0 1244 3884; baseline 0 0"><span class='ocrx_word' id='word_1_203' title='bbox 0 0 1244 3884; x_wconf 95' lang='lat' dir='ltr'><strong> </strong></span> 
     </span>
    </p>
   </div>
  </div>
 </body>
</html>
