2460 3884
209 349 247 406 aa
367 334 372 345 '
550 347 767 412 proruam

208 496 277 535 nam
298 477 354 535 tibi
373 480 525 538 nocturnis
545 480 584 538 ad
602 499 675 539 saxa
694 482 784 558 ligata
804 482 940 558 procellis

223 615 225 620 ,
247 573 347 630 omnia
366 574 474 632 detritu
493 575 613 634 uincula
632 578 704 634 sune
724 577 843 636 cadunt
1067 599 1102 636 20
1123 564 1129 576 ’

208 676 280 728 sunt
298 669 548 746 Agamemnonias
567 675 709 731 testantia
729 675 817 732 litora
836 693 928 748 curas,
971 668 973 671 ’

248 785 307 844 qua
319 771 404 824 notat
417 768 557 844 Argynni
569 787 663 845 poena
676 768 831 827 Mimantis
845 788 943 847 aquas.

204 854 276 942 [hoc
295 862 403 920 iuuene
423 865 530 922 amisso
550 864 671 924 classem
691 883 750 922 non
772 865 863 924 soluit
882 866 1013 938 Atrides,

248 956 301 1035 pre
320 979 380 1037 qua
399 967 556 1019 mactatast
576 962 733 1039 Iphigenia
751 959 856 1044 mora]

209 1057 322 1116 reddite
342 1076 447 1135 corpus
466 1057 575 1134 humo,
595 1061 749 1137 positaque
768 1060 802 1116 in
820 1061 937 1136 gurgite
958 1061 1022 1117 uita
1065 1077 1100 1134 25

250 1151 376 1209 Paetum
396 1159 499 1230 sponte
518 1159 579 1228 tua,
600 1154 671 1211 uilis
691 1155 809 1226 harena,
830 1162 913 1231 tegas
923 1175 932 1228 3

209 1254 240 1306 et
260 1250 396 1327 quotiens
416 1250 503 1332 Paeti
523 1251 663 1309 transibit
683 1258 775 1308 nauta
795 1254 970 1328 sepulcrum,

249 1343 328 1402 dicat
350 1347 397 1404 ‘et
416 1345 521 1403 audaci
539 1352 575 1404 tu
595 1344 688 1404 timor
704 1366 767 1404 esse
787 1350 887 1424 potes!

209 1430 259 1517 ite,
281 1448 359 1500 rates
379 1449 500 1501 curuata
520 1450 551 1501 et
569 1443 625 1502 leti
644 1443 737 1502 texite
757 1463 876 1501 causas:

249 1540 308 1598 ista
326 1560 379 1617 par
398 1540 541 1598 humanas
560 1561 639 1599 mors
658 1542 744 1598 uenit
763 1549 830 1599 acta
850 1560 962 1599 manus.
1069 1560 1106 1614 30

210 1643 289 1694 terra
308 1656 413 1714 parum
432 1635 533 1723 fuerat
540 1658 550 1711 ;
568 1638 639 1696 satis
658 1637 819 1696 adiecimus
839 1637 951 1695 undas:

249 1739 385 1796 fortunae
405 1737 525 1795 miseras
545 1737 684 1795 auximus
703 1745 768 1795 arte
788 1737 860 1797 nias.

210 1851 316 1890 ancora
336 1837 367 1889 te
386 1837 487 1890 teneat
507 1851 596 1908 quem
614 1852 676 1890 non
696 1839 819 1891 tenuere
839 1832 987 1890 Penatesl

251 1927 323 2004 quid
344 1928 484 1984 meritum
504 1928 583 1986 dieas
602 1930 650 1985 cni
670 1949 724 1987 sua
743 1936 823 1987 terra
843 1930 995 2004 parunrstl

211 2029 397 2080 uento'rumst
417 2024 621 2101 quodcumque
640 2044 743 2101 paras:
764 2026 838 2082 haut
857 2025 919 2082 ulla
939 2024 1038 2081 carina
1069 2041 1105 2098 35

251 2119 405 2177 consenuit
413 2140 423 2192 3
442 2120 522 2177 fallit
541 2130 644 2196 portus
665 2127 696 2178 et
715 2122 777 2197 ipse
797 2121 892 2204 fidem.

212 2221 318 2273 natura
337 2215 482 2274 insidians
501 2222 625 2293 pontum
645 2216 810 2275 substrauit
829 2214 944 2273 auaris:

250 2318 287 2369 ut
306 2312 363 2368 tibi
383 2313 526 2383 succedat,
547 2313 601 2369 uix
620 2313 711 2371 semel
731 2333 793 2370 esse
813 2317 917 2388 potest

211 2428 283 2466 saxa
303 2408 495 2484 triumphales
515 2408 628 2485 fregere
649 2409 800 2485 capharea
819 2427 940 2484 puppes,

252 2505 392 2579 naufraga
412 2524 479 2561 cnm
500 2510 584 2561 uasto
605 2505 729 2564 Graecia
749 2509 844 2561 tracta
863 2505 962 2562 salust.
1070 2525 1108 2575 40

212 2604 356 2682 paulatim
376 2602 486 2659 socium
506 2601 651 2659 iacturam
670 2602 755 2660 fleuit
774 2601 890 2672 Vlixes,

252 2700 285 2756 in
305 2718 385 2756 mare
405 2700 453 2757 cui
473 2699 554 2756 soliti
573 2683 636 2756 non
656 2698 777 2756 ualuere
796 2698 864 2755 dcli.

213 2774 292 2874 quud
312 2795 338 2853 si
357 2801 513 2853 contentus
533 2795 630 2871 patrio
650 2795 726 2851 boue
745 2798 877 2851 uerteret
896 2810 988 2868 agros,

252 2893 402 2970 uerbaque
421 2893 554 2950 duxisset
573 2891 688 2968 pondus
707 2892 816 2948 habere
834 2910 908 2963 mea,

213 2990 418 3047 rriueret'ante
438 3007 506 3046 suos
527 2988 623 3045 dulcis
642 2988 770 3046 conuiua
790 2987 924 3056 Penates,
1071 3004 1106 3062 45

254 3104 373 3162 pauper,
393 3091 426 3142 at
440 3085 476 3165 'in
497 3091 578 3142 terra
597 3085 641 3142 nil
661 3085 714 3142 ubi
734 3085 803 3142 flere
822 3090 869 3141 sat
888 3088 940 3140 est.

215 3201 275 3239 non
295 3181 366 3239 tulit
385 3153 465 3239 nist
485 3181 595 3240 Paetus
614 3181 770 3239 stridorem
789 3181 891 3238 audire
915 3179 1057 3256 procellae

255 3288 286 3339 et
305 3281 379 3338 duro
399 3286 515 3338 teneras
535 3281 649 3340 laedere
669 3285 739 3338 fune
758 3299 862 3337 manus
870 3298 881 3352 3
