2460 3884
548 337 678 395 LIBER
703 335 760 396 11⁷.
1065 340 1101 396 29

210 472 241 522 et
259 463 316 522 tibi
335 465 381 522 ad-
392 462 526 523 effectum
546 464 625 523 uires
645 464 695 523 det
715 463 823 523 Caesar
842 469 873 523 et
892 465 973 522 omni

250 567 379 637 tempore
398 566 461 618 tam
480 559 581 617 faciles
599 559 787 616 insinuentur
805 576 881 634 opes,

209 657 303 734 parcis
324 663 354 715 et
374 657 406 714 in
426 663 530 714 tenues
549 654 691 712 humilem
712 659 743 712 te
762 654 874 731 colligis
894 656 1012 714 umbras
1021 675 1031 729 3
1076 705 1079 712 .

250 754 382 812 uelorum
401 754 503 830 plenos
522 751 671 811 subtrahis
690 746 752 828 ipse
771 751 862 810 sinus.
1035 822 1037 825 Ι
1065 773 1102 828 30

209 850 294 906 crede
313 848 395 918 mihi,
416 866 536 924 magnos
556 844 727 923 aequabunt
745 845 805 903 ista
824 845 962 905 Camillos

249 943 365 1017 iudicia,
386 946 417 1000 et
435 941 535 999 uenies
554 945 590 999 tu
609 957 725 1017 quoque
744 938 777 997 in
797 958 847 997 ora
866 939 974 1014 uirum,

211 1041 342 1098 Caesaris
362 1045 392 1099 et
411 1041 507 1099 ismae
526 1038 652 1115 uestigia
670 1038 773 1096 iuncta
791 1038 923 1097 tenebis:

250 1138 430 1197 Maecenatis
450 1143 539 1194 eruut
558 1155 629 1194 uera
648 1140 767 1211 tropaea
786 1134 865 1193 fides.

208 1254 268 1291 non
287 1253 339 1310 ego
359 1233 482 1291 uelilera
500 1232 648 1291 tumidum
669 1249 749 1288 mare
768 1230 848 1288 findo
868 1229 986 1304 carina3
1066 1247 1102 1306 35

247 1336 311 1389 totu
330 1331 386 1388 sub
406 1330 512 1406 exiguo
532 1328 654 1387 flumine
674 1333 776 1386 nostra
794 1333 911 1386 morast

208 1445 267 1485 non
287 1425 414 1483 fleboin
435 1425 544 1484 cineres
564 1443 660 1482 arcem
679 1423 788 1481 sedisse
806 1428 943 1500 paternos

248 1523 351 1582 Cadmi
372 1543 426 1582 nec
446 1540 560 1598 semper
579 1520 691 1598 proelia
711 1521 793 1579 clade
813 1520 878 1596 pari
887 1540 897 1593 3

209 1641 263 1679 nec
282 1623 408 1678 reseram
429 1620 532 1678 Scaeas
552 1625 584 1677 et
603 1619 748 1694 Pergama
766 1617 917 1695 Apollinis
935 1637 1022 1692 arces,

247 1723 278 1774 et
298 1717 435 1773 Danaum
456 1715 568 1774 decimo
588 1732 658 1772 uere
677 1712 787 1772 redisse
806 1719 893 1788 rates,
1063 1739 1101 1788 40

209 1811 324 1868 moenia
344 1830 411 1868 cum
431 1810 521 1867 Graio
540 1808 695 1884 Neptunia
713 1809 821 1885 pressit
840 1816 938 1868 aratro

249 1906 344 1962 uictor
364 1905 515 1962 Palladiae
534 1905 649 1980 ligneus
668 1905 742 1960 artis
761 1922 858 1980 equos.

209 2002 287 2057 inter
308 2000 480 2058 Callimachi
499 2005 546 2058 sat
566 1999 623 2056 erit
641 1998 785 2075 placuisse
804 2000 917 2060 libellos

248 2101 279 2152 et
298 2095 435 2153 cecinisse
455 2093 558 2167 modis,
580 2094 659 2151 Dore
679 2099 772 2170 poeta,
794 2095 863 2155 tuis.

209 2191 279 2248 haec
299 2197 388 2248 urant
407 2208 521 2268 pueros,
542 2189 613 2248 haec
632 2195 722 2247 urant
741 2189 850 2267 scripte
869 2192 990 2269 puellas,
1064 2212 1101 2270 45

249 2306 353 2364 meque
372 2287 461 2345 deum
480 2285 607 2344 clament
627 2285 751 2344 etmihi
770 2303 852 2343 sacra
871 2288 975 2346 ferant.

210 2392 239 2442 te
259 2385 332 2441 duce
352 2385 400 2442 uel
421 2383 504 2442 Iouis
524 2402 606 2440 arma
625 2401 727 2440 canam
747 2383 883 2460 caeloque
903 2384 1065 2444 minantem

251 2481 359 2537 Coeum
380 2485 410 2536 et
430 2477 599 2555 Phlegraeis
620 2477 683 2536 Eur
704 2477 841 2536 medonta
861 2478 958 2556 iugis;

210 2576 343 2650 celsaque
364 2573 507 2633 Romanis
527 2574 663 2651 decerpta
675 2497 793 2651 {alatis
814 2574 906 2633 tauris

251 2673 349 2730 ordiar
368 2677 400 2732 et
418 2691 502 2732 caeso
521 2670 638 2730 moenia
657 2671 742 2728 firma
762 2671 865 2745 Remo,
1069 2691 1105 2751 50

210 2769 386 2846 eductosque
406 2786 489 2846 pares
509 2765 639 2826 siluestri
658 2786 694 2826 ex
715 2768 805 2827 ubere
824 2786 913 2846 reges,

251 2872 360 2924 crescet
380 2873 411 2925 et
429 2864 582 2944 ingenium
602 2864 657 2922 sub
677 2869 731 2923 tua
749 2865 829 2923 iussa
847 2884 945 2924 meum
955 2885 965 2940 3

211 2982 370 3040 prosequar
389 2969 420 3021 et
439 2980 543 3021 currus
562 2967 688 3037 utroque
707 2962 745 3019 ab
765 2961 853 3019 litore
871 2967 1002 3036 ouantes,
1108 3004 1110 3010 ι

252 3058 431 3117 Parthorum
450 3063 566 3116 astutae
585 3057 646 3115 tela
664 3058 786 3115 remissa
804 3059 899 3135 fugae,

212 3163 363 3232 castraque
385 3156 485 3214 Pelusi
504 3157 638 3214 Romano
658 3156 782 3213 subruta
801 3157 886 3230 ferro,
1068 3174 1104 3233 55

252 3252 427 3326 Antonique
446 3270 550 3328 graues
569 3250 603 3306 in
622 3268 676 3307 sua
694 3250 757 3307 luta
775 3269 886 3308 manus.
1042 3251 1046 3260 “
