2460 3884
133 340 171 398 38
390 361 393 367 ·
474 336 688 410 BROPERPI

132 474 186 532 ¹eut
208 467 304 544 qualis
325 467 415 525 flexos
430 466 520 528 soluit
535 466 674 542 Pythona
691 486 744 543 per
767 468 851 525 orbes
987 486 1005 542 3
1008 483 1025 544 5

173 571 348 640 serpentem,
371 562 504 623 imbelles
526 582 615 638 quem
634 564 759 619 timuere
775 561 864 639 lyrae.

62 725 64 731 ¹
133 679 202 717 mox
220 661 264 718 ait
286 663 320 717 ‘o
338 642 427 734 longa
442 659 546 716 mundi
566 665 700 717 seruator
719 660 756 716 ab
776 659 865 729 Albe,

174 757 321 833 Auguste,
342 756 499 813 Hectoreis
514 755 634 832 'cognite
651 755 746 813 maior
763 755 836 827 anis,

134 852 221 910 uince
240 853 335 909 mari:
355 852 413 908 iam
432 857 512 908 terra
529 857 610 908 tuest
622 869 632 908 ι·
651 850 708 908 tibi
725 849 837 907 militat
854 868 945 922 arcus,

175 954 206 1017 et
226 947 308 1004 fauet
326 966 364 1004 ex
379 946 488 1003 umeris
505 946 560 1004 hoc
578 965 653 1004 onus
671 964 758 1003 omne
776 946 856 1005 meis.
987 964 1027 1017 40

135 1046 216 1104 solue
232 1051 314 1102 metu
331 1037 458 1121 patriam
476 1062 552 1120 quae
570 1063 650 1100 nunc
670 1049 701 1100 te
720 1043 836 1101 uindice
853 1043 929 1100 frete

175 1140 315 1217 imposuit
332 1158 435 1215 prorae
450 1139 568 1215 publica
587 1146 658 1195 uota
675 1143 750 1196 tune.

136 1255 225 1310 quam
240 1236 299 1291 nisi
318 1234 464 1304 defendes,
483 1253 634 1290 murorum
650 1232 797 1290 Romulus
816 1251 911 1306 augur

176 1332 220 1386 ire
239 1329 390 1387 Palatinas
409 1347 471 1385 non
486 1328 560 1385 hene
581 1328 660 1384 uidit
677 1347 756 1388 aues.

137 1433 167 1484 et
182 1426 305 1483 nimium
324 1445 356 1482 re
387 1426 412 1482 is
427 1425 555 1497 audent3
583 1424 654 1501 proi
676 1432 765 1501 turpe
783 1424 907 1503 Latinos
988 1437 1026 1500 45

176 1522 307 1600 principe
326 1445 478 1598 taihuotus
499 1521 581 1596 regia
590 1521 662 1578 ‘uela
682 1521 752 1597 pati.

136 1638 190 1677 nec
205 1625 236 1676 te
250 1618 329 1695 quod
347 1617 446 1675 classis
466 1617 596 1700 centenis
617 1617 741 1694 remiget
760 1616 815 1696 alis

175 1721 303 1773 terreat:
332 1714 428 1771 inuito
447 1695 558 1770 labitur
578 1697 629 1771 illa
646 1713 720 1770 meri
732 1706 751 1772 :¹
785 1701 792 1711 '¹

137 1813 272 1890 quodque
289 1812 404 1870 uehunt
421 1830 523 1887 prorae
540 1809 715 1869 Centaurica
733 1829 804 1868 sexa
822 1809 973 1882 minantis,

176 1909 259 1986 tigna
279 1927 351 1965 caua
368 1914 399 1965 et
418 1907 512 1983 pictos
528 1908 676 1983 experiere
696 1914 799 1966 metus.
989 1923 1028 1984 50

138 2005 248 2082 frangrt
266 2011 297 2062 et
316 2004 428 2061 attollit
447 2006 526 2062 uires
544 2005 576 2061 in
594 2004 688 2061 milite
706 2024 792 2061 causa
801 2024 811 2077 ;

177 2119 251 2178 quae
269 2100 326 2156 nisi
346 2101 424 2157 iusta
447 2101 556 2171 subest,
575 2100 688 2158 excutit
706 2120 787 2158 arma
806 2097 907 2176 pudor.

137 2207 254 2277 tempus
270 2198 371 2271 udest3
392 2197 532 2255 conmitte
548 2205 644 2257 rates:
670 2217 722 2273 ego
740 2195 881 2274 temporis
899 2200 1002 2253 auctor

177 2299 282 2356 ducam
300 2296 446 2372 laurigera
464 2295 544 2352 Iulia
561 2302 655 2353 rostra
673 2295 780 2354 manu!

138 2395 262 2467 dixerat,
283 2401 314 2451 et
337 2393 492 2469 pharetrae
512 2393 626 2470 pondus
643 2393 789 2451 consumit
804 2392 837 2449 in
857 2410 959 2452 arcus:
992 2408 1026 2467 55

178 2494 311 2571 proxima
328 2498 394 2568 post
414 2511 499 2549 arcus
518 2492 651 2549 Caesaris
669 2492 754 2550 hasta
772 2492 838 2551 fuit.

138 2591 233 2646 uincit
249 2589 344 2645 Roma
362 2588 420 2644 fide
439 2587 569 2644 Phoebi:
588 2589 640 2643 dat
657 2589 767 2643 femina
783 2606 910 2661 poenas:

179 2689 292 2758 sceptra
312 2702 364 2757 per
380 2682 480 2739 Ionias
495 2683 591 2739 fracta
606 2682 757 2739 uehuntur
777 2702 875 2756 aquas.

41 2777 43 2781 ’
139 2783 172 2834 ut
187 2784 271 2851 pater
291 2776 386 2832 Idalio
404 2776 531 2832 miratur
548 2776 655 2833 Caesar
673 2776 710 2832 ab
730 2781 827 2832 astro:

174 2876 254 2927 ‘sum
273 2871 353 2941 deus,
372 2876 403 2927 et
422 2873 517 2927 nostri
537 2869 688 2944 sanguinis
707 2871 766 2926 ista
786 2871 876 2930 iides'
992 2874 1031 2928 60

140 2965 326 3042 prosequitur
343 2976 431 3021 cantu
447 2965 559 3032 Triton,
577 2983 735 3039 omnesque
755 2966 886 3021 marinae

181 3062 353 3138 plauserunt
370 3061 445 3117 circa
462 3060 555 3117 libera
574 3061 659 3135 signa
676 3059 753 3116 deae.

60 3198 64 3206 .
117 3146 193 3219 iilia
212 3155 287 3230 petit
310 3154 415 3210 Nilum
434 3153 540 3210 cumbe
557 3151 633 3209 male
653 3151 727 3208 nixa
744 3152 850 3227 fugaci,

70 3255 78 3274 '
118 3222 124 3292 i
180 3253 235 3309 hoc
258 3270 359 3321 unum,
381 3250 458 3307 iusso
478 3269 538 3307 non
553 3248 698 3306 moritura
714 3247 770 3305 die.
