2460 3884
448 334 663 396 mornas]

511 560 663 682 I.v

153 751 231 816 The
260 773 355 817 woes
384 752 425 816 cf
450 752 542 818 love.
586 752 620 816 A
647 751 816 838 werning
845 754 958 819 voice.

77 957 81 969 .
106 906 223 980 Inuide,
245 910 280 964 tu
299 903 421 964 taudem
440 923 527 962 uoces
547 922 695 980 compesce
714 903 852 962 molestas

146 1010 177 1062 et
196 1004 261 1062 sine
280 1023 334 1061 nos
355 1022 521 1079 cursuque
541 1021 643 1060 sumus
663 1001 707 1060 ire
727 1022 818 1079 pares.

106 1099 179 1176 quid
198 1100 256 1157 tibi
275 1101 330 1174 uis,
353 1099 476 1157 insane?
497 1118 577 1156 meos
597 1099 707 1161 sentire
728 1100 863 1159 furores?

145 1196 259 1275 infelix,
280 1213 417 1271 properas
437 1193 545 1251 ultime
563 1214 650 1252 nosse
669 1193 748 1251 mels

106 1298 138 1350 et
157 1292 247 1349 miser
266 1292 382 1366 ignotos
401 1290 528 1366 uestigia
548 1291 624 1348 serre
644 1308 697 1366 per
716 1291 799 1366 ignes
989 1308 1004 1366 5

146 1395 177 1446 et
196 1389 296 1446 bibere
315 1406 332 1445 e
352 1392 417 1444 tote
436 1386 536 1444 toxica
555 1385 713 1443 Thessalis

105 1503 166 1542 non
185 1489 231 1540 cst
250 1482 302 1540 illa
322 1482 405 1558 uagis
425 1481 531 1540 similis
551 1481 668 1538 conlata
688 1478 793 1556 puellis
803 1498 812 1551 ;

144 1579 274 1637 molliter
293 1577 382 1636 irasci
401 1596 462 1634 nen
482 1578 557 1636 solet
577 1575 629 1633 ills
650 1574 712 1634 tibi
793 1578 794 1581 ’

104 1675 183 1753 quod
203 1676 231 1734 si
249 1675 325 1732 forte
346 1674 406 1732 tuis
426 1692 488 1730 non
507 1677 554 1731 esi
573 1670 721 1732 contrarie
739 1670 827 1747 uotis,

143 1777 177 1830 at
196 1771 253 1829 tibi
273 1790 411 1830 curarum
430 1768 513 1828 milia
533 1775 646 1848 quante
665 1769 762 1828 dabit!
904 1788 908 1795 ·
969 1790 1004 1828 ιο

103 1887 165 1926 non
184 1868 241 1926 tibi
261 1868 321 1925 ism
340 1885 464 1941 somnes,
486 1886 546 1924 non
565 1866 619 1924 ille
636 1865 784 1944 relinquet
803 1866 924 1940 ocellos3

142 1962 195 2020 ills
214 1963 291 2030 ieros
310 1961 418 2019 animis
437 1960 540 2037 alligat
559 1980 619 2017 une
639 1961 726 2020 uiros.

103 2058 139 2119 sl
159 2080 224 2119 mee
244 2066 429 2136 contemptus
448 2058 585 2135 quotiens
604 2058 642 2116 sd
663 2058 767 2116 limine
788 2077 893 2134 curres,

55 2138 58 2148 Δ
143 2178 210 2217 cum
230 2159 287 2217 tibi
306 2159 439 2235 singultu
459 2156 548 2214 fortia
567 2157 659 2214 uerbs
678 2156 793 2230 cadent,

103 2254 142 2315 et'
153 2257 297 2315 tremulus
316 2255 436 2313 maestis
455 2254 569 2313 orietur
589 2256 708 2314 fletibus
727 2256 840 2328 horror,
967 2277 1000 2335 15

143 2357 174 2410 et
193 2351 282 2409 timor
301 2350 458 2408 informem
479 2351 566 2409 ducet
586 2349 619 2407 in
639 2369 689 2408 ore
709 2357 819 2427 notum,

103 2456 134 2507 eb
154 2468 355 2526 quaecumque
374 2449 456 2506 uoles
476 2449 592 2524 fugient
612 2449 670 2505 tibi
691 2450 782 2507 uerba
802 2452 946 2526 querenti,

142 2562 196 2600 nec
215 2544 325 2618 poteris
344 2543 397 2618 qui
417 2545 457 2600 sis
477 2552 531 2599 aut
551 2543 603 2600 ubi
623 2562 708 2600 nosse
728 2544 823 2601 miser.

102 2645 168 2694 tum
187 2656 276 2714 grune
295 2639 452 2696 seruitium
471 2645 711 2714 nostrsecogcre
731 2640 846 2715 puellae

142 2736 251 2793 discere
271 2742 302 2792 eb
322 2736 472 2793 exclusum
492 2736 564 2812 quid
584 2736 625 2793 sit
644 2736 726 2793 abire
747 2736 866 2815 demum
870 2758 880 2811 ;
962 2760 999 2797 20

102 2850 155 2888 uec
175 2831 235 2888 iam
254 2830 395 2906 pellerem
414 2831 524 2888 totiens
544 2829 690 2887 mirabere
709 2837 853 2905 nostrum,

141 2931 266 2983 auteur
286 2926 343 2982 sim
363 2931 427 2982 tcto
446 2944 564 3001 corpore
584 2925 686 2981 nullus
706 2944 766 3000 ego.

101 3044 155 3081 nec
175 3023 231 3081 tibi
252 3023 392 3079 nobilitas
411 3023 521 3098 poterit
540 3040 708 3079 succurrere
728 3021 855 3080 amanti:

141 3118 235 3176 nescit
254 3117 350 3173 Amor
369 3117 474 3193 priscis
493 3117 595 3174 cedere
614 3116 799 3191 imaginibus.

101 3213 225 3292 quodsi
245 3232 336 3289 parua
356 3219 425 3270 tuae
446 3213 560 3271 dederis
579 3213 706 3288 uestigia
725 3212 836 3287 culpae,
960 3235 974 3271 2
979 3232 994 3290 5

140 3329 228 3386 quem
249 3309 307 3365 cito
327 3309 363 3364 de
384 3314 468 3366 tento
488 3310 606 3366 nomine
626 3328 726 3366 rumor
746 3308 820 3365 eris!
